2221 3526
728 1090 1034 1136 CAPUT
1095 1090 1150 1135 II.

258 1419 740 1456 AIJFUERINTNE
784 1419 982 1455 MILES
1027 1419 1108 1455 ET
1151 1417 1518 1455 PARASITUS
1563 1417 1622 1453 IN

398 1484 721 1522 EUNUCHO
767 1484 1035 1521 ‹jRAECA
1079 1483 1485 1531 QUAERITUR.

310 1801 537 1848 Vidimus
597 1800 891 1848 Phaedriam
950 1816 978 1846 a
1042 1799 1239 1845 Thaide
1303 1798 1552 1845 exclusum
1616 1814 1725 1843 esse

168 1895 372 1948 propter
424 1884 645 1932 rivalem.
700 1884 940 1944 Quisnam
993 1882 1136 1928 fuerit
1188 1881 1266 1928 ille
1308 1881 1475 1928 rivalis
1514 1890 1722 1943 apparet

167 1986 194 2016 e
235 1968 504 2015 meretricis
542 1985 651 2014 cum
691 1966 1008 2014 adulescente
1035 1965 1280 2027 colloquio
1309 1965 1343 2012 I.
1377 1981 1420 2019 2,
1450 1964 1531 2011 ubi
1559 1975 1726 2012 narrat

168 2069 220 2099 se
271 2050 535 2098 exclusisse
586 2061 875 2104 amatorem,
929 2049 1042 2111 quia
1089 2048 1286 2095 Thraso
1333 2047 1487 2102 miles,
1534 2058 1726 2095 amator

169 2135 417 2197 pristinus,
460 2134 659 2181 redierit
697 2133 886 2195 sibique
926 2133 1128 2179 daturus
1160 2132 1222 2178 sit
1251 2130 1560 2193 Pamphilam
1590 2131 1725 2193 inge-

171 2235 333 2273 nuam,
404 2217 501 2264 suis
563 2227 712 2264 antea
774 2215 929 2263 Sunio
992 2225 1285 2277 surreptam,
1351 2232 1496 2277 quam
1561 2232 1724 2261 secum

169 2303 427 2349 educatam
468 2301 701 2348 meretrix
741 2299 967 2361 cognatis
1007 2299 1264 2346 restituere
1303 2297 1439 2346 velit.

313 2384 590 2431 Confitetur
641 2384 746 2445 ipse
793 2382 1059 2430 Terentius
1114 2382 1161 2428 in
1214 2381 1425 2444 prologo
1477 2382 1726 2447 (30—33)

171 2485 223 2515 se
262 2484 289 2514 e
329 2467 510 2514 Colace
550 2484 789 2529 personas
830 2465 996 2513 militis
1034 2476 1084 2512 et
1112 2464 1313 2527 parasiti
1342 2463 1649 2512 transtulisse
1677 2465 1725 2510 in

173 2550 465 2597 Eunuchum
505 2567 658 2597 suam.
700 2550 820 2596 Inde
854 2559 962 2596 orta
989 2559 1064 2596 est
1090 2548 1328 2611 quaestiO,
1358 2548 1602 2595 fuerintne
1630 2547 1725 2594 iam

173 2634 221 2680 in
263 2632 505 2680 Eunucho
545 2632 812 2679 Menandri
851 2632 1092 2678 eiusmodi
1133 2648 1392 2693 personae.
1437 2631 1547 2677 Hac
1586 2631 1648 2677 de
1675 2648 1727 2677 re

172 2733 201 2763 a
238 2734 286 2763 v.
328 2716 375 2763 d.
416 2715 464 2762 in
505 2715 728 2762 diversas
766 2725 913 2777 atque
952 2715 1079 2762 adeo
1119 2713 1392 2761 contrarias
1432 2723 1599 2775 partes
1632 2714 1727 2760 dis-

172 2809 397 2862 putatum
435 2809 525 2846 est.

316 2882 624 2929 GRAUERTUS
673 2881 759 2944 (p.'
803 2881 916 2945 154)
967 2891 1017 2928 et
1069 2881 1486 2926 KOENIGHOFFIUS
1529 2879 1600 2943 (p.
1640 2880 1728 2943 44)

173 2966 342 3013 dicunt
363 2982 462 3011 non
484 2964 809 3011 dubitandum
833 2980 956 3018 esse,
980 2963 1096 3026 quin
1119 2963 1167 3009 in
1192 2963 1459 3009 Menandri
1488 2962 1729 3009 Eunucho
