2221 3526
881 250 944 306 87

282 389 376 434 Hic
410 389 501 434 iam
535 388 736 434 nomino
763 405 956 433 servam
983 388 1330 448 Aethiopicam
1355 389 1472 450 (165
1498 379 1618 451 sci.);
1653 391 1688 453 1)

138 488 248 518 nam
302 471 340 517 si
382 481 509 517 recte
553 470 678 515 hanc
720 487 982 530 personam
1025 470 1190 516 Colaci
1233 470 1495 524 vindicavi,
1538 472 1688 518 mani-

135 555 311 600 festum
352 563 426 599 est
467 553 511 598 in
547 569 605 598 ea
633 570 829 614 qnoque
858 552 1020 598 fabula
1047 552 1415 599 adulescentem
1447 554 1687 600 meretrici

134 653 326 683 servam
369 636 637 681 donantem
682 635 818 681 militi
859 635 1139 697 oppositum
1181 636 1342 682 fuisse.

278 717 437 764 Etiam
493 717 631 763 miles
683 716 761 764 illc
813 718 1050 780 (Thraso)
1084 719 1124 781 2)
1177 718 1419 765 meretrici
1473 717 1686 779 puellam

133 802 266 848 dono
305 800 456 847 dedit.
495 800 742 847 Parasitus
771 801 975 847 Gnatho
1005 801 1169 862 prodit
1196 802 1251 847 ΙΙ.
1287 818 1329 855 2,
1360 811 1412 847 ut
1441 801 1685 847 Thaidem

133 884 439 931 meretricem
481 884 543 930 ad
583 901 755 930 cenam
798 884 974 931 invitet
1012 894 1061 930 et
1102 883 1411 945 Pamphilam
1440 884 1685 945 virginem

131 967 193 1013 ad
233 983 340 1013 eam
382 967 611 1014 deducat.
656 966 881 1013 Vidimus
921 984 1028 1013 eam
1064 967 1412 1013 deductionem
1443 966 1686 1013 Eunucho

132 1050 445 1097 tribuendam
481 1068 611 1104 esse;
643 1061 691 1096 et
719 1067 1017 1112 quamquam
1049 1050 1321 1097 Nencinius
1349 1067 1395 1111 p.
1435 1066 1524 1097 102
1556 1060 1686 1096 recte

130 1133 483 1180 animadvertit
546 1150 744 1180 causam
811 1133 1012 1194 parasiti
1078 1134 1353 1195 prodeundi
1405 1133 1451 1179 in
1506 1132 1686 1180 Colace

131 1233 229 1263 non
273 1216 550 1262 necessario
590 1215 783 1278 puellae
823 1216 1171 1263 deductionem
1199 1217 1360 1271 fuisse,
1390 1234 1500 1263 cum
1530 1233 1686 1264 mere-

129 1299 261 1346 tricis
301 1299 527 1346 invitatio
567 1302 629 1346 ad
669 1316 841 1346 cenam
883 1300 1144 1354 sufficeret,
1186 1311 1351 1346 tamen
1393 1311 1468 1347 est
1506 1317 1589 1346 cur
1622 1299 1685 1346 ab

128 1400 188 1430 eo
239 1383 543 1430 dissentiam.
597 1383 759 1444 Supra
810 1383 910 1429 dixi
953 1383 1244 1430 Terentium
1286 1383 1333 1429 in
1375 1383 1454 1429 III.
1506 1399 1519 1428 1
1566 1393 1616 1429 et
1658 1399 1681 1428 2

128 1466 486 1527 componendis
547 1476 804 1528 utramque
862 1466 1077 1513 fabulam
1136 1466 1434 1514 adhibuisse.
1494 1466 1684 1530 Quodsi

128 1547 430 1610 perlegimus
459 1549 648 1610 priores
677 1549 848 1595 harum
878 1566 1168 1596 scaenarum
1197 1566 1383 1604 versus,
1407 1549 1512 1596 sine
1534 1549 1684 1595 dubio

126 1633 189 1678 ad
229 1632 460 1679 Colacem
501 1632 823 1694 pertinentes,
866 1633 947 1678 ubi
988 1633 1193 1679 Gnatho
1221 1633 1359 1679 militi
1386 1632 1504 1680 dicit
1530 1650 1682 1680 mere-

126 1715 296 1761 tricem
337 1714 484 1762 valde
523 1716 744 1775 gaudere
784 1716 919 1762 dono
959 1727 1008 1762 et
1036 1715 1175 1762 miles
1203 1716 1472 1762 meretricis
1498 1716 1684 1777 gratias

126 1808 337 1845 venatur
377 1799 468 1853 „de
496 1798 692 1845 fidicina
733 1798 885 1846 istac’'
923 1799 1080 1863 (457),
1110 1799 1422 1846 manifestum
1457 1809 1532 1846 est
1566 1799 1684 1846 mili-

125 1892 223 1928 tem
265 1881 546 1943 nuperrime
575 1882 758 1928 Thaidi
788 1881 1001 1944 puellam
1031 1883 1166 1929 dono
1193 1883 1403 1929 dedisse.
1446 1883 1591 1928 Hanc
1619 1883 1682 1928 ob

126 1981 227 2010 rem
285 1964 391 2011 veri
449 1963 607 2011 simile
660 1964 779 2011 mihi
831 1965 1030 2011 videtur
1082 1965 1348 2027 parasitum
1402 1965 1449 2011 in
1503 1965 1683 2012 Colace

124 2045 272 2108 paulo
311 2058 425 2093 ante
465 2046 680 2109 aliquam
711 2047 1019 2109 Pamphilam
1050 2049 1112 2094 ad
1142 2048 1390 2094 Thaidem
1418 2048 1681 2095 deduxisse

124 2139 271 2192 atque
322 2130 470 2191 igitur
517 2130 865 2177 deductionem
907 2130 969 2178 ab
1011 2130 1102 2177 hac
1141 2148 1339 2194 quoque
1378 2130 1542 2178 fabula
1582 2149 1680 2178 non

124 2212 334 2259 alienam
374 2213 536 2260 fuisse.

266 2296 412 2359 Quod
452 2313 561 2342 cum
603 2296 669 2343 ita
708 2314 759 2343 se
800 2296 997 2351 habeat,
1046 2296 1265 2359 suspicor
1306 2314 1404 2343 non
1445 2314 1680 2359 magnum

123 2378 385 2425 discrimen
421 2379 667 2426 exstitisse
695 2379 823 2426 inter
850 2380 1108 2426 exordium
1139 2381 1367 2427 Eunuchi
1394 2391 1444 2428 et
1471 2380 1679 2427 ColaciS.

126 2461 292 2508 Unum
343 2462 743 2509 animadvertere
794 2463 960 2518 velim,
1009 2464 1056 2509 in
1098 2463 1278 2510 Colace
1319 2481 1417 2510 non
1461 2481 1680 2511 necessa-

123 2544 246 2591 rium
297 2544 445 2591 fuisse
498 2545 793 2593 Phaedriam
849 2546 1059 2593 Thaidis
1110 2547 1327 2593 vicinum
1381 2547 1551 2593 haberi
1596 2557 1682 2594 aut

121 2628 270 2674 domo
311 2645 390 2674 rus
429 2629 689 2683 removeri3
731 2647 830 2691 qua
869 2646 921 2676 re
961 2629 1009 2676 in
1052 2630 1297 2676 Eunucho
1336 2647 1460 2692 opus
1486 2629 1588 2684 fuit,
1619 2647 1680 2676 ne

123 2720 349 2757 nosceret
387 2710 588 2758 fratrem
628 2712 844 2759 eunuchi
884 2712 993 2759 loco
1032 2714 1095 2759 ad
1137 2713 1383 2760 Thaidem
1412 2713 1678 2760 deductum

268 2898 303 2949 1)
361 2897 421 2936 Cf.
453 2910 491 2945 p.
524 2908 574 2944 29
603 2910 663 2945 sq.

264 2980 303 3023 2)
360 2976 421 3012 De
452 2975 682 3013 nominibus
713 2976 879 3013 mutatis
911 2975 961 3013 cs.
993 2988 1030 3024 p.
1065 2983 1097 3022 7.
