2221 3526
986 262 1010 307 7

219 394 452 456 quoniam
503 393 565 438 de
618 392 691 437 his
738 401 929 437 tantum
972 389 1198 450 personis
1239 388 1445 434 Luscius
1486 388 1777 434 Lanuvinus

219 477 264 523 in
305 475 619 523 accusatione
661 474 853 520 locutus
892 482 997 518 erat
1037 472 1114 534 (cf.
1146 489 1190 517 v.
1227 470 1324 531 26).

360 558 508 621 Quod
550 557 698 616 igitur
737 555 914 602 attinet
952 555 1015 601 ad
1054 553 1269 600 fabulam
1314 564 1549 607 nostram,
1578 569 1639 599 ex
1667 570 1776 614 pro-

218 640 317 702 logi
356 639 523 687 verbis
563 639 655 686 tria
693 638 994 685 efficiuntur:

362 722 579 769 Primum
620 739 795 768 omnes
834 737 1054 773 scaenas
1098 719 1145 765 in
1188 719 1368 781 quibus
1396 717 1535 764 miles
1561 728 1611 764 et
1638 734 1777 778 para-

217 805 339 852 situs
378 805 597 868 (Thraso
636 815 686 851 et
720 803 945 865 Gnatho)
978 804 1014 865 1)
1041 801 1132 848 soli
1160 812 1244 847 aut
1271 802 1370 847 fere
1397 799 1487 846 soli
1518 800 1776 861 prodeant,

217 888 438 949 exceptis
495 887 664 949 paucis
716 886 944 933 versibus
996 885 1078 947 qui
1133 885 1195 930 ad
1249 883 1476 930 Eunuchi
1524 882 1777 929 materiem

218 981 461 1032 spectant,
497 969 733 1017 eColace
768 987 876 1016 esse
905 969 1207 1029 desumptas.
1244 967 1317 1030 (In
1346 982 1637 1013 scaenarum
1666 982 1778 1011 con-

217 1064 390 1116 spectu
443 1064 609 1115 partes
659 1070 686 1100 e
739 1052 921 1099 Colace
973 1050 1267 1113 significabo
1315 1067 1402 1112 per
1441 1049 1652 1096 litteram
1693 1047 1777 1110 A).

365 1137 560 1183 Deinde
600 1153 775 1182 omnes
814 1152 1036 1188 scaenas,
1078 1151 1287 1196 quarum
1330 1132 1534 1179 materia
1575 1148 1672 1177 non
1702 1148 1780 1177 co-

220 1220 423 1267 haereat
463 1237 571 1266 cum
615 1219 812 1272 Colace,
856 1218 1026 1279 paucis
1065 1217 1274 1263 fortasse
1308 1215 1534 1263 versibus
1561 1213 1781 1275 exceptis

221 1302 466 1349 Eunucho
505 1302 690 1349 deberi.
734 1302 863 1365 (Has
901 1300 1195 1361 significabo
1235 1316 1323 1361 per
1361 1299 1574 1345 litteram
1616 1297 1688 1360 Β).

363 1386 622 1432 Postremo
675 1395 863 1431 restant
914 1400 1139 1437 scaenae,
1188 1399 1332 1445 quae,
1373 1399 1483 1428 cum
1526 1381 1781 1442 utriusque

219 1467 416 1514 fabulae
455 1485 700 1529 personae
741 1467 789 1513 in
831 1467 886 1513 iis
927 1467 1188 1528 prodeant,
1224 1465 1287 1511 ab
1316 1465 1422 1526 ipso
1453 1463 1692 1511 Terentio
1719 1480 1781 1509 ex

221 1561 432 1613 utroque
484 1550 621 1598 fonte
665 1561 781 1596 sunt
820 1549 1133 1596 commixtae.
1187 1548 1317 1612 (Has
1360 1547 1654 1609 significabo
1694 1562 1782 1607 per

220 1634 433 1682 litteram
475 1633 546 1697 C).

364 1717 465 1762 Iam
493 1715 658 1762 statim
688 1715 906 1761 breviter
934 1714 1211 1761 describam
1240 1713 1433 1759 cuinam
1468 1730 1494 1758 e
1523 1712 1679 1758 tribus
1707 1710 1782 1757 his

219 1799 439 1846 fontibus
471 1798 698 1861 singulae
726 1815 936 1845 scaenae
965 1797 1083 1843 mihi
1111 1796 1472 1843 adiudicandae
1502 1795 1779 1842 videantur.

363 1883 559 1930 Act.1.
641 1883 773 1927 Dum
834 1881 1080 1928 Phaedria
1138 1898 1166 1927 a
1219 1879 1416 1926 Thaide
1466 1879 1625 1925 amica
1677 1878 1781 1924 heri

220 1965 450 2013 exclusus
476 1983 586 2012 cum
617 1966 930 2012 Parmenone
957 1980 1104 2011 servo
1131 1963 1389 2018 deliberat,
1420 1973 1583 2008 utrum
1613 1961 1784 2008 redeat

223 2067 379 2096 necne
419 2050 504 2113 (sc.
544 2066 580 2095 1.
613 2050 687 2111 B),
738 2048 1030 2110 supervenit
1076 2047 1182 2109 ipsa
1223 2046 1380 2093 Thais
1419 2046 1575 2108 iisque
1617 2054 1783 2091 narrat

221 2149 274 2179 se
307 2132 574 2179 exclusisse
601 2142 892 2186 amatorem,
922 2148 1033 2177 cum
1065 2130 1262 2176 Thraso
1292 2129 1431 2175 miles
1457 2129 1549 2175 sibi
1577 2129 1783 2175 daturus

222 2215 284 2262 sit
322 2215 568 2276 virginem
611 2214 938 2276 Pamphilam,
981 2231 1130 2276 quam
1164 2224 1312 2260 antea
1340 2212 1496 2258 Sunio
1523 2212 1781 2273 abreptam

222 2309 272 2345 et
304 2316 471 2345 secum
499 2299 760 2345 educatam
790 2297 1017 2359 cognatis
1046 2297 1304 2344 restituere
1332 2295 1467 2350 velit,
1496 2306 1546 2342 et
1571 2312 1599 2342 a
1629 2295 1782 2342 Phae-

223 2381 330 2428 dria
368 2381 506 2443 petit,
549 2399 610 2428 ne
649 2381 802 2427 biduo
840 2381 903 2428 ad
943 2397 996 2427 se
1035 2380 1205 2427 veniat
1243 2380 1309 2443 (2.
1341 2380 1413 2443 Β).

366 2464 488 2511 Act.
528 2464 589 2511 II.
669 2463 912 2510 Concedit
939 2462 1018 2509 ille
1046 2473 1096 2509 et
1123 2472 1388 2524 postquam
1419 2461 1781 2507 Parmenonem

224 2547 363 2594 iussit
414 2548 561 2602 dona,
614 2547 897 2593 eunuchum
950 2557 999 2593 et
1049 2563 1246 2592 servam
1300 2544 1668 2606 Aethiopicam,
1720 2545 1782 2590 ad

226 2630 473 2677 Thaidem
526 2631 788 2684 deducere,
831 2647 912 2676 rus
952 2629 1020 2676 ire
1061 2629 1315 2676 constituit
1354 2630 1421 2692 (1.
1452 2628 1524 2692 Β).
1587 2628 1783 2674 Deinde

372 2794 405 2844 1)
462 2794 703 2832 Terentium
742 2794 906 2831 nomina
944 2793 1170 2830 mutavisse
1203 2798 1376 2841 apparet
1408 2791 1496 2829 coll¹
1529 2792 1604 2829 Th.
1635 2792 1784 2829 Kockii

226 2860 340 2898 Com.
373 2859 456 2896 Att.
488 2859 632 2908 fragm.
664 2859 818 2896 Vol-III
850 2859 896 2895 fr.
930 2868 1002 2905 293
1036 2864 1077 2895 et
1107 2858 1207 2895 Plut.
1232 2859 1334 2894 Mor.
1362 2865 1445 2904 57a.
1491 2856 1651 2893 Thraso
1674 2857 1783 2904 apud

226 2925 499 2962 Menandrum
544 2924 827 2972 appellabatur
876 2926 965 2970 Βίκς,
1015 2923 1178 2960 Gnatho
1226 2923 1426 2973 Στρονὲἱᾱ-ς·
1481 2921 1541 2960 Cf.
1581 2921 1685 2958 Don.
1732 2922 1782 2958 ad

226 2989 399 3037 Adelph.
430 2991 457 3026 Ι.
486 3000 515 3026 1.
544 2999 573 3026 1.
