2221 3526
985 233 1035 277 15

230 361 376 406 etiam
432 360 533 406 ficri
587 359 820 420 potuisse,
864 370 916 405 ut
956 369 1125 405 mutua
1166 360 1429 419 sumpserit
1469 361 1530 405 ab
1574 361 1784 407 Horatio

233 460 321 489 nec
361 460 528 504 presse
569 453 766 488 secutus
806 441 866 487 sit
910 441 1259 488 Menandrum.
1318 442 1353 504 1)

373 525 432 571 V.
487 524 543 570 cl.
601 524 863 569 HARTMAN
905 541 951 585 p.
993 540 1022 583 4
1065 535 1206 585 putat
1247 524 1463 570 Persium
1507 541 1604 570 non
1646 527 1785 587 sequi

233 608 565 653 Menandrum
617 608 658 669 2)
709 617 757 652 et
809 608 870 652 (16
918 623 967 652 re
1009 606 1154 668 plane
1195 606 1289 652 alia
1328 623 1478 666 agere
1517 618 1665 669 atque
1707 608 1786 655 illa

229 700 318 744 est,
370 690 416 736 in
470 707 567 752 qua
620 689 843 736 Terentii
897 700 945 736 et
987 689 1183 736 Horatii
1224 689 1316 735 loci
1356 700 1633 744 versentur,
1675 708 1783 736 cum

231 773 495 819 Persianus
541 773 734 819 iuvenis
779 772 976 819 simulet
1022 789 1073 818 se
1121 772 1278 818 redire
1326 772 1453 818 velle
1499 774 1561 819 ad
1601 774 1784 820 bonam

229 856 438 916 frugem,
498 872 673 902 revera
724 867 890 902 tamen
944 856 1243 902 desiderium
1296 856 1370 902 sui
1417 873 1618 902 movere
1666 856 1786 903 velit

229 939 432 987 amicae.

373 1012 561 1076 Metuo,
616 1039 678 1068 ne
731 1022 858 1068 iusto
911 1022 1147 1068 maiorem
1202 1021 1350 1068 fidem
1402 1021 1697 1069 scholiastae
1738 1023 1786 1069 hi

230 1121 276 1151 v.
318 1105 361 1151 d.
406 1105 685 1151 habuerint.
736 1106 775 1168 3)
814 1105 945 1151 Dicit
973 1104 1264 1152 scholiasta:
1300 1106 1462 1166 „apud
1492 1105 1786 1152 Terentium

230 1205 473 1249 personae
514 1189 801 1235 immutatae
841 1187 1006 1242 sunt‚''
1052 1205 1180 1250 quae
1218 1189 1371 1234 verba
1405 1205 1433 1234 a
1461 1188 1616 1235 Fabia
1644 1206 1691 1250 p.
1723 1203 1785 1249 54

231 1282 362 1318 recte
401 1271 738 1333 explicantur:
787 1270 845 1326 „il
886 1288 914 1317 a
953 1271 1148 1332 change
1187 1270 1258 1317 les
1292 1288 1434 1317 noms
1468 1272 1556 1317 des
1585 1288 1786 1333 person-

232 1353 436 1416 nages’''.
465 1355 508 1418 4)
572 1355 812 1401 Attamen
872 1354 1374 1400 animadvertendum
1415 1365 1489 1401 est
1529 1356 1576 1400 in
1617 1355 1788 1402 codice

232 1438 475 1484 Bembino
510 1438 598 1501 (A)
633 1448 682 1484 et
715 1438 848 1498 apud
880 1438 1136 1484 Donatum
1159 1438 1221 1483 ad
1246 1438 1278 1485 I.
1312 1453 1350 1484 1.
1379 1452 1433 1497 5:
1482 1438 1562 1493 „Si
1585 1438 1785 1500 quidem

231 1520 396 1568 hercle
448 1521 634 1583 possis:
688 1518 966 1583 διαλογισμός
1019 1521 1158 1582 quasi
1210 1521 1272 1567 ad
1324 1520 1533 1567 alterum
1574 1521 1784 1583 e.q.S.'’

231 1603 525 1650 Phaedriam
579 1603 712 1666 loqui
766 1621 921 1665 usque
972 1604 1034 1650 ad
1091 1621 1134 1650 v.
1196 1620 1281 1650 12:
1352 1620 1478 1658 „ere‚
1533 1621 1659 1666 quae
1712 1622 1788 1651 res

229 1704 270 1734 e.
307 1704 353 1749 q.
388 1685 461 1734 s.''
501 1687 615 1733 Non
650 1697 771 1748 puto
807 1687 870 1733 ad
904 1687 1032 1732 hanc
1068 1703 1169 1732 rem
1208 1687 1361 1734 verba
1390 1686 1470 1733 illa
1492 1687 1787 1735 scholiastae

228 1770 487 1817 referenda
526 1787 649 1818 esse.

372 1853 585 1916 Reliqua
636 1854 791 1900 verba
843 1854 1005 1900 minus
1057 1864 1189 1899 recta
1238 1863 1366 1899 sunt.
1425 1853 1591 1900 Verba
1642 1854 1787 1909 „allo—

228 1937 393 2000 quitur
423 1948 660 2000 tanquam
695 1954 864 1983 amore
898 1935 1170 1983 derelicto''
1205 1946 1254 1982 et
1295 1947 1586 1991 „revocatus
1628 1937 1786 1984 redit'’

375 2102 409 2151 Ι)
466 2102 604 2150 „Dans
640 2102 676 2139 le
715 2113 893 2151 passage
931 2114 982 2139 en
1022 2101 1226 2149 question,
1264 2102 1426 2139 suivant
1464 2114 1539 2139 son
1579 2102 1786 2151 habitude,

228 2168 351 2206 Perse
394 2181 417 2205 a
460 2169 511 2205 de
557 2168 797 2215 frequentes
841 2168 1158 2204 reminiscenses
1202 2166 1431 2213 d'Horace3
1477 2167 1500 2203 il
1544 2172 1608 2204 est
1635 2170 1786 2216 permis

227 2234 279 2271 de
318 2234 466 2271 douter
504 2234 629 2281 qu'un
668 2244 860 2285 passage,
901 2233 954 2269 οὺ
994 2237 1081 2270 tant
1120 2233 1172 2269 de
1211 2232 1289 2269 fois
1328 2232 1603 2280 l'expression
1633 2235 1785 2282 rapelle

227 2299 348 2336 d'une
388 2298 509 2347 facon
548 2298 740 2336 evidente
781 2298 837 2335 tel
872 2311 925 2335 ou
954 2298 1010 2335 tel
1041 2310 1136 2335 vers
1167 2296 1392 2345 d’Horace,
1424 2298 1504 2335 soit
1533 2311 1613 2336 une
1643 2311 1786 2347 repro-

227 2364 396 2402 duction
425 2364 600 2401 litterale
631 2376 684 2401 ou
715 2368 736 2401 a
767 2376 848 2412 peu
879 2364 974 2412 pres
1006 2364 1058 2400 de
1088 2362 1355 2400 Menandre.”

370 2455 410 2502 2)
466 2453 654 2500 „Etenim
701 2454 830 2503 magis
869 2454 908 2490 in
947 2454 1052 2490 hanc
1092 2452 1240 2490 inclino
1281 2452 1530 2501 opinionem,
1571 2459 1614 2491 ut
1653 2455 1786 2492 dicam

227 2518 411 2556 Persium
429 2547 545 2556 .....
585 2523 627 2556 et
663 2519 701 2555 in
741 2519 970 2556 Menandro
1012 2523 1054 2555 et
1092 2518 1131 2555 in
1170 2517 1368 2555 Terentio
1408 2518 1535 2555 fuisse
1566 2518 1785 2567 hospitem,

227 2588 353 2632 atque
392 2586 432 2620 in
471 2583 562 2630 hoc,
603 2583 653 2620 de
694 2595 777 2631 quo
817 2584 989 2632 agimus,
1030 2583 1123 2620 loco
1163 2583 1465 2620 conscribendo
1502 2596 1583 2620 uno
1613 2584 1785 2621 Horatio

227 2649 359 2686 nisum
389 2660 496 2694 esse,
527 2660 652 2695 quem
681 2636 825 2696 parum
855 2648 1141 2697 intelligeret.''

373 2737 411 2788 3)
470 2737 530 2775 Cf.
562 2737 731 2775 Schanz.
768 2737 919 2775 Gesch.
950 2738 989 2774 d.
1021 2738 1137 2774 Rom.
1168 2737 1265 2774 Litt.
1297 2737 1340 2774 Il.
1373 2747 1407 2774 2.
1439 2750 1476 2785 p.
1506 2739 1583 2784 69:
1614 2739 1786 2785 „Dieser

229 2803 496 2841 commentar
526 2803 595 2839 hat
624 2803 699 2840 das
729 2802 820 2839 eine
852 2803 955 2839 oder
984 2803 1059 2840 das
1090 2802 1244 2840 andere
1275 2803 1413 2840 antike
1444 2804 1570 2849 Korn,
1594 2803 1711 2840 allein
1733 2803 1787 2840 im

227 2867 394 2905 Ganzen
425 2868 477 2904 ist
506 2879 552 2904 er
582 2868 687 2904 ohne
718 2868 983 2905 besonderen
1013 2867 1172 2904 Wert.'’

369 2954 412 3006 4)
469 2955 531 2993 Cf.
562 2967 600 3003 p.
634 2963 654 3001 7
686 2961 769 2992 not.
