2221 3526
914 262 968 303 61

310 402 407 448 Iam
461 417 596 451 vero.
652 410 702 445 ut
755 398 983 460 incipiam
1037 415 1066 444 a
1106 398 1264 459 primo
1306 399 1537 444 Nencinii
1576 415 1723 460 argu-

167 495 350 537 mento,
381 499 623 544 nusquam
652 482 886 527 docemur
914 481 1232 526 Chremetem
1268 479 1556 542 plerumque
1585 480 1724 527 Sunii

165 568 363 626 degere.
428 566 487 612 V.
522 579 617 625 533
660 564 838 624 legitur
877 564 1076 626 quidem
1124 580 1237 617 „rus
1264 562 1357 609 eo''
1388 564 1475 609 sed
1503 563 1723 610 animad-

166 649 460 696 vertendum
511 658 585 694 est
635 646 1021 699 adulescentem,
1075 646 1468 708 quotiescunque
1520 646 1722 692 arcessi-

165 743 257 786 tur,
298 731 532 778 continuo
573 740 771 792 praesto
809 746 917 775 esse
959 728 1159 775 Thaidi.
1206 728 1263 775 cf.
1310 743 1424 788 510,
1458 731 1572 788 528,
1607 743 1721 788 533.

167 815 297 861 Dein
351 814 511 860 minus
569 823 698 859 recte
758 812 1033 859 Phaedriae
1090 811 1355 858 amicitiam
1414 811 1724 873 comparavit

165 915 273 944 cum
325 897 537 944 amicitia
588 896 893 946 Chremetis:
949 895 1155 942 alterum
1195 894 1327 941 enim
1368 894 1565 949 amoris,
1606 894 1724 941 alte-

166 998 271 1027 rum
318 980 557 1043 praesidii.
587 996 733 1028 causa
775 979 931 1026 Thais
970 978 1062 1024 sibi
1102 978 1386 1025 adiunctum
1426 994 1534 1024 esse
1574 977 1722 1039 cupit.

166 1064 239 1111 Cf.
296 1064 525 1111 Donatus
575 1064 638 1110 ad
691 1063 724 1110 I.
771 1079 813 1109 2.
857 1064 951 1109 68:
1012 1060 1174 1117 „aliud
1225 1071 1300 1108 est
1345 1071 1552 1116 amator,
1594 1060 1726 1108 aliud

165 1146 401 1194 amicus.'’

309 1231 457 1294 Quod
509 1246 690 1276 nomen
746 1226 915 1296 Χρέμης
966 1228 1013 1274 in
1062 1245 1195 1274 nova
1233 1227 1492 1274 comoedia
1530 1244 1727 1290 semper

166 1331 347 1361 nomen
397 1324 472 1360 est
523 1313 668 1367 senis,
716 1322 1067 1373 argumentum
1108 1311 1241 1358 haud
1282 1310 1451 1372 magni
1492 1311 1727 1372 ponderis

167 1397 285 1444 mihi
324 1397 536 1451 videtur,
578 1413 686 1443 cum
728 1395 929 1442 minime
969 1405 1163 1442 constet
1203 1411 1386 1441 nomen
1427 1411 1455 1440 a
1484 1394 1725 1442 Terentio

166 1498 265 1527 non
317 1497 425 1527 esse
472 1490 730 1526 mutatum.
766 1479 801 1543 1)
866 1479 931 1525 Et
983 1478 1160 1524 hocine
1212 1476 1461 1532 credibile,
1515 1477 1554 1523 si
1593 1478 1726 1540 apud

167 1564 500 1611 Menandrum
553 1562 795 1609 Chremes
844 1572 975 1608 esset
1027 1578 1196 1615 senex,
1252 1561 1561 1615 Terentium,
1615 1578 1725 1607 cum

162 1664 274 1694 eum
316 1646 581 1694 mutaverit
620 1646 668 1692 in
709 1645 1096 1699 adulescentem,
1140 1661 1240 1690 non
1281 1643 1413 1690 aliud
1451 1643 1496 1690 ei
1542 1661 1725 1691 nomen

163 1730 375 1786 dedisse,
428 1747 539 1777 cum
584 1729 733 1777 etiam
775 1728 977 1775 nomina
1018 1727 1297 1775 Thrasonis
1335 1737 1385 1774 et
1424 1726 1725 1782 Gnathonis,

163 1830 372 1877 quorum
393 1829 634 1875 personas
654 1822 821 1859 tamen
844 1811 1128 1858 immutatas
1149 1809 1414 1865 transtulit,
1433 1809 1729 1857 mutaverit?

306 1897 484 1959 Neque
542 1905 765 1958 apparet,
824 1912 908 1942 cur
967 1894 1151 1941 Thaidi
1209 1892 1361 1956 pluris
1415 1893 1727 1940 aestimanda

163 1991 294 2028 esset
342 1980 557 2028 amicitia
606 1979 739 2026 senis
790 1996 938 2042 quam
985 1977 1317 2024 adulescentis
1354 1976 1538 2033 divitis,
1579 1976 1726 2023 bonis

164 2063 384 2111 moribus
421 2062 648 2126 praediti,
689 2062 829 2109 Sunii
869 2079 950 2108 rus
990 2061 1236 2107 habentis.
1298 2060 1486 2108 Verum
1525 2060 1725 2123 quidem

164 2159 239 2195 est
282 2147 414 2194 senis
458 2163 724 2209 personam
765 2162 939 2208 parum
981 2145 1213 2192 idoneam
1252 2161 1377 2199 esse,
1418 2160 1545 2206 quae
1585 2142 1726 2190 militi

164 2241 462 2294 opponatur,
491 2231 579 2277 sed
605 2229 714 2292 quis
742 2239 894 2290 neget
920 2227 1289 2275 adulescentem
1319 2227 1568 2282 rusticum,
1597 2226 1728 2273 timi-

163 2315 296 2369 dum,
319 2314 506 2362 fatuum
529 2314 661 2361 haud
683 2313 842 2375 magis
865 2312 1098 2359 idoneum
1126 2328 1236 2359 esse
1258 2309 1424 2358 militis
1444 2309 1727 2357 aemulum?

166 2398 303 2444 Licet
342 2414 534 2459 rogare,
575 2414 659 2444 cur
699 2395 983 2451 Terentius,
1026 2395 1065 2442 si
1105 2395 1154 2442 id
1188 2404 1376 2457 ageret,
1413 2403 1465 2440 ut
1492 2394 1597 2455 ipse
1625 2410 1726 2440 cre-

164 2491 270 2528 aret
308 2497 589 2543 personam,
630 2496 757 2543 quae
795 2489 925 2526 esset
964 2488 1204 2541 patronus
1245 2477 1455 2525 Thaidis
1480 2475 1728 2539 simulque

165 2563 334 2611 rivalis
390 2562 571 2619 militis,
630 2562 899 2610 creavisset
956 2560 1328 2609 adulescentem
1389 2559 1622 2607 rusticum
1679 2569 1729 2605 et

314 2730 348 2778 1)
405 2728 537 2765 Sentit
574 2728 654 2765 hoc
694 2728 782 2776 ipse
818 2726 1055 2774 Nencinius,
1088 2738 1181 2763 cum
1211 2725 1366 2763 scribat
1395 2736 1433 2772 p.
1465 2724 1535 2771 85:
1566 2722 1729 2771 Quodsi

165 2799 310 2844 posset
350 2799 465 2831 certo
505 2793 640 2831 adseri
674 2793 792 2830 huius
822 2793 968 2830 saltem
999 2803 1205 2840 personae
1235 2802 1385 2828 nornen
1414 2801 1495 2826 non
1527 2792 1730 2825 mutatum

166 2872 261 2898 esse
301 2872 323 2897 a
360 2858 573 2905 Terentio,
614 2858 708 2895 hinc
740 2863 854 2895 certa
884 2857 1042 2895 ratione
1073 2855 1319 2893 efficeretur
1350 2854 1615 2892 Chremetem
1646 2865 1728 2889 non

166 2926 294 2963 fuisse
332 2937 397 2973 ap.
441 2925 550 2961 Men.
595 2924 926 2961 adulescentem:
973 2934 1064 2960 nam
1110 2922 1148 2958 in
1192 2932 1299 2958 nova
1343 2919 1558 2957 comoedia
1598 2920 1730 2969 Χρέμης

170 2995 410 3028 constanter
439 3001 587 3027 nomen
618 2989 726 3026 senis
756 2987 860 3025 est.⁷’
