2221 3526
1225 269 1290 327 48

625 409 764 471 Quae
820 409 883 455 ad
934 409 1143 455 eunuchi
1191 409 1541 456 deductionem
1599 419 1649 456 et
1699 408 2032 456 laudationem

482 491 732 552 pertinent
771 491 999 554 (8—32)‚
1040 491 1097 537 iis
1135 492 1370 553 exceptiS,
1413 509 1539 554 quae
1572 493 1635 539 ad
1665 491 1867 538 militem
1896 507 2036 553 para-

481 574 726 636 situmque
755 574 1013 620 referenda
1034 585 1163 627 sunt,
1189 574 1294 620 sine
1322 574 1473 620 dubio
1500 575 1544 621 ei
1572 575 1801 621 Eunuchi
1826 590 2034 621 scaenae

481 657 740 710 debentur,
793 656 841 702 in
894 673 991 718 qua
1042 656 1288 703 Parmeno
1339 657 1619 703 eunuchum
1671 658 1735 704 ad
1787 657 2034 703 Thaidem

481 739 634 785 duxit.
676 739 908 785 Fortasse
950 738 1106 785 Thais
1144 749 1193 785 et
1233 739 1478 786 Parmeno
1517 740 1566 786 in
1607 756 1665 786 ea
1703 738 1869 786 fabula
1895 738 2036 801 plura

480 821 706 868 collocuti
763 832 877 868 sunt
933 833 984 868 et
1033 822 1267 868 meretrix
1318 839 1518 868 servum
1576 823 1713 869 iussit
1764 822 2035 869 Phaedriae

480 904 665 966 gratias
703 920 868 965 agere.
911 904 994 950 Ad
1034 904 1162 950 hanc
1188 921 1418 951 scaenam
1447 905 1594 951 etiam
1624 922 1805 952 revoco
1829 920 2036 966 39—40

480 999 528 1034 et
566 1001 790 1047 47—53.
828 986 984 1032 Thais
1012 986 1142 1032 enim
1172 988 1321 1033 domo
1350 989 1657 1034 removenda
1683 998 1803 1035 erat.
1846 987 2036 1051 Quodsi

480 1071 570 1116 hos
620 1086 793 1115 versus
845 1086 951 1115 cum
1002 1069 1308 1132 insequentis
1346 1087 1556 1116 scaenae
1584 1070 1664 1133 (ex
1705 1070 1967 1133 Eunucho)
1999 1070 2035 1133 Ι)

479 1171 525 1200 ν.
583 1169 606 1198 2
619 1167 784 1212 5—33
839 1169 1196 1214 comparamus,
1254 1153 1481 1199 videmus
1534 1153 1761 1215 Pythiam
1803 1154 2037 1200 mandata

479 1235 689 1282 Thaidis
740 1246 840 1281 tam
893 1246 1119 1282 accurate
1170 1236 1417 1298 persequi,
1461 1248 1512 1283 ut
1551 1253 1629 1282 res
1667 1236 1775 1298 ipsa
1813 1237 2033 1291 suadeat,

478 1330 529 1365 ut
579 1335 871 1365 censeamus
923 1318 1046 1365 haec
1097 1319 1159 1365 ad
1204 1320 1415 1366 eandem
1455 1319 1670 1366 fabulam
1711 1319 2032 1381 pertinuisse;

477 1418 604 1464 quae
644 1401 801 1448 Thais
839 1402 900 1447 de
941 1401 1136 1463 virgine
1175 1402 1292 1448 dicit
1331 1402 1409 1465 (51
1457 1402 1551 1466 sq.)
1590 1402 1737 1449 etiam
1777 1418 1803 1448 e
1850 1401 2035 1448 Fabiae

477 1484 725 1531 sententia
765 1484 830 1547 (p.
872 1485 959 1548 44)
985 1485 1027 1548 2)
1068 1485 1310 1531 Eunucho
1350 1485 1610 1532 debentur.

621 1568 662 1613 E
719 1584 865 1614 versu
928 1582 950 1627 5
962 1570 1023 1628 38
1083 1566 1317 1614 discimus
1376 1567 1693 1615 Chremetem
1745 1568 1921 1615 deduci
1972 1569 2035 1615 ad

477 1650 697 1705 militem,
752 1651 779 1698 i.
821 1667 864 1698 e.
904 1651 968 1697 ad
1008 1650 1174 1698 militis
1213 1669 1402 1707 cenam,
1444 1651 1492 1698 in
1533 1668 1629 1714 qua
1669 1651 1825 1698 Thais
1863 1652 2036 1698 aderat

478 1733 571 1797 (Cf.
613 1732 761 1780 etiam
802 1733 886 1780 IV.
937 1734 1006 1797 1);
1061 1751 1169 1780 cum
1210 1746 1376 1782 tamen
1418 1751 1540 1781 cena
1580 1733 1661 1780 illa
1699 1752 1728 1781 a
1767 1734 2033 1781 Menandri

479 1817 721 1863 Eunucho
760 1817 949 1872 afuerit,
991 1828 1176 1864 certum
1217 1829 1292 1865 est
1332 1818 1649 1865 Chremetem
1691 1817 1739 1864 in
1779 1834 1837 1864 ea
1871 1817 2035 1864 fabula

478 1917 578 1947 non
611 1901 675 1947 ad
714 1917 887 1947 cenam
923 1902 1189 1948 deductum
1216 1918 1338 1948 esse.
1369 1902 1409 1965 3)
1450 1901 1550 1947 Sed
1578 1901 1748 1963 quidni
1776 1917 2034 1947 censemus

476 1984 785 2031 meretricem
842 1983 987 2031 aliam
1045 1984 1110 2030 ob
1168 2002 1380 2039 causam,
1440 2001 1483 2031 e.
1530 2001 1579 2046 g.
1640 1995 1692 2031 ut
1748 1984 1792 2030 ei
1848 1984 2035 2046 gratias

477 2078 663 2128 ageret,
717 2067 765 2113 in
805 2083 864 2114 ea
903 2084 1102 2130 quoque
1142 2068 1308 2115 {abula
1345 2069 1410 2114 ad
1449 2066 1654 2114 militem
1693 2066 1841 2113 ivisse
1881 2066 2034 2113 Chre-

476 2160 757 2212 metemque
793 2167 853 2196 eo
881 2151 1174 2212 perductum
1196 2151 1339 2198 esse?
1378 2149 1630 2197 Convenit
1652 2150 1745 2196 hoc
1768 2150 2033 2197 Menandri

478 2233 739 2288 EunuchO,
800 2250 861 2280 ne
918 2245 1227 2295 spectatores
1284 2233 1429 2280 huius
1486 2250 1730 2296 personae
1788 2233 1836 2279 in
1895 2232 2034 2280 initio

624 2385 658 2435 1)
715 2384 775 2423 Cf.
807 2397 845 2433 p.
881 2393 940 2432 50.

617 2461 655 2512 2)
713 2461 774 2499 Cf.
806 2461 932 2500 Fabia
962 2474 1000 2509 p.
1031 2473 1082 2509 44
1112 2462 1199 2508 „La
1229 2462 1514 2510 presentation
1536 2468 1805 2510 proprement
1827 2463 1910 2500 dite
1931 2475 2033 2501 avec

475 2527 622 2576 l'e'loge
661 2539 741 2574 que
771 2526 998 2564 Parmenon
1028 2527 1098 2564 fait
1128 2528 1180 2564 de
1211 2539 1287 2564 son
1317 2531 1461 2565 maitre
1492 2533 1533 2564 ct
1562 2528 1599 2565 la
1631 2528 1804 2576 critique
1834 2528 2032 2566 indirecte

475 2592 570 2640 qu’il
612 2592 683 2629 fait
724 2593 778 2629 du
823 2593 956 2630 soldat
999 2615 1049 2619 —-
1088 2592 1280 2630 l'esclave
1320 2592 1539 2640 s'acquitte
1579 2594 1630 2630 de
1669 2594 1706 2630 la
1745 2593 1914 2631 mission
1952 2606 2033 2641 que

475 2657 675 2694 Phaedria
714 2657 767 2694 lui
806 2669 828 2694 a
869 2657 1028 2695 confiee
1063 2680 1113 2684 —-
1143 2657 1244 2695 ainsi
1275 2669 1355 2705 que
1386 2658 1445 2695 les
1476 2659 1741 2696 instructions
1771 2660 1824 2696 de
1854 2660 1980 2696 Thais
2011 2660 2032 2696 a

474 2723 637 2771 Pythias
668 2722 940 2770 proviennent
970 2724 1021 2760 de
1051 2723 1283 2770 l’Eunuque
1313 2723 1452 2772 grec'’.

620 2801 658 2851 3)
715 2800 776 2839 Cf.
816 2800 1038 2838 Nencinius
1078 2813 1117 2849 p.
1157 2808 1231 2847 97:
1284 2801 1405 2847 .‚Post
1444 2801 1674 2838 meretricis
1718 2800 2032 2849 prosectionem,

477 2866 591 2903 cuius
633 2877 757 2903 causa
794 2877 899 2913 quae
940 2866 1064 2902 fuerit
1103 2877 1166 2913 ap.
1207 2866 1315 2903 Men.
1358 2866 1397 2902 in
1435 2866 1616 2903 obscuro
1647 2871 1723 2912 est,
1765 2866 1964 2904 Chremes
1994 2866 2033 2903 in

476 2942 669 2968 scaenam
698 2930 837 2978 prodit
865 2930 925 2968 ΙΙΙ.
959 2940 1001 2977 3:
1032 2942 1156 2978 quem
1177 2931 1343 2978 quidem
1365 2943 1446 2978 quo
1469 2931 1624 2968 miserit
1644 2931 1820 2979 Pythias,
1843 2932 2033 2970 convivio

476 2995 514 3032 in
544 2995 652 3032 Men.
684 2995 785 3033 Eun.
815 2995 1050 3042 deficiente,
1082 3008 1163 3033 non
1193 2996 1332 3043 liquet.
1468 2996 1470 2999 ’
