2221 3526
1089 254 1154 316 46

348 397 618 444 Phaedriae
670 399 803 444 dona
853 398 996 444 offert
1045 413 1201 459 eaque
1247 395 1473 443 laudibus
1511 407 1681 452 ornat;
1723 394 1899 459 quibus

346 480 559 542 acceptis
597 480 939 543 mandatisque
968 479 1173 541 Pythiae
1201 479 1328 526 datis
1356 479 1589 526 meretrix
1616 497 1723 526 cum
1747 478 1898 526 milite

345 563 447 610 abit
485 565 548 610 ad
587 581 775 611 cenam.

489 647 710 694 Tametsi
763 647 884 693 11366
935 662 1114 692 scaena
1153 644 1382 691 omnibus
1422 644 1636 691 numeris
1674 645 1899 691 absoluta

345 729 555 784 videtur,
586 730 707 776 11366
734 728 1042 775 concinnitas
1070 745 1169 775 non
1197 728 1405 775 debetur
1432 727 1662 789 exemplo
1686 728 1895 782 Graeco,

345 814 432 860 sed
471 811 562 859 arti
603 811 955 870 Terentianae,
989 810 1391 874 quandoquidem
1420 828 1593 857 omnes
1620 812 1899 857 concedunt

345 912 452 941 eam
512 912 671 957 neque
736 894 783 940 in
844 894 1100 949 Eunucho,
1161 911 1321 956 neque
1379 893 1426 939 in
1487 893 1668 940 Colace
1724 893 1791 940 sic
1848 910 1899 939 se

346 977 590 1032 habuisse,
646 988 697 1024 ut
749 994 878 1023 nunc
924 976 1118 1039 legitur.
1152 977 1188 1040 Ι)
1241 977 1318 1023 Ν6
1358 977 1531 1022 InNius
1569 975 1767 1038 quidem
1808 976 1900 1022 hoc

344 1061 588 1107 affirmare
627 1059 887 1115 dubitavit,
930 1059 1010 1122 qui
1050 1061 1111 1106 de
1150 1076 1209 1106 ea
1248 1060 1337 1106 has
1364 1058 1672 1106 coniecturas
1699 1058 1901 1121 protulit

343 1161 390 1205 p.
452 1159 537 1203 19:
585 1144 755 1206 „Quae
795 1142 860 1189 ibi
900 1144 961 1189 de
1000 1142 1228 1189 eunucho
1268 1141 1509 1197 dicuntur,
1552 1159 1651 1188 non
1692 1152 1899 1203 possunt

349 1243 477 1282 „non
517 1243 579 1272 ex
606 1225 904 1287 cognomine
931 1226 1098 1273 fabula
1123 1242 1232 1273 esse
1259 1224 1521 1287 descripta.
1551 1225 1621 1271 At
1648 1223 1696 1271 in
1724 1225 1899 1271 eadem

349 1326 558 1366 „scaena
607 1309 763 1356 verba
814 1320 930 1357 sunt
976 1308 1254 1356 Thrasonis
1294 1307 1704 1370 Gnathonisque;
1748 1324 1899 1370 quare

349 1403 460 1448 „aut
498 1393 815 1440 statuendum
857 1410 956 1439 non
999 1391 1208 1447 Colacis,
1249 1393 1337 1439 sed
1378 1390 1605 1438 Eunuchi
1633 1408 1741 1437 esse
1769 1391 1900 1438 hunc

349 1475 580 1531 „militem
632 1487 682 1523 et
731 1475 1027 1538 parasitum;
1054 1513 1205 1523 .....
1258 1486 1342 1522 aut
1392 1475 1736 1537 segregandae
1787 1484 1901 1520 sunt

348 1570 476 1613 „tres
528 1558 575 1605 in
629 1559 722 1606 hac
773 1576 952 1606 scaena
1004 1570 1185 1621 partes,
1228 1557 1295 1605 ita
1334 1568 1386 1605 ut
1433 1571 1560 1618 1—7
1602 1567 1651 1604 et
1690 1571 1891 1617 41—51

349 1641 596 1698 „dicamus
633 1660 660 1689 e
701 1642 881 1689 Colace
921 1642 1190 1689 translatos
1230 1652 1378 1704 atque
1417 1642 1551 1704 quod
1579 1639 1795 1688 medium
1825 1651 1900 1688 est

349 1724 685 1780 „vindicemus
736 1726 994 1781 Eunucho,
1049 1726 1197 1772 modo
1249 1741 1375 1788 quae
1428 1725 1559 1786 apud
1606 1723 1897 1770 Terentium

349 1808 656 1863 „Thrasonis
694 1809 850 1856 verba
889 1819 1017 1865 sunt,
1060 1810 1239 1855 dentur
1278 1806 1547 1870 parasit0.”

485 1892 682 1939 Deinde
723 1891 771 1938 in
811 1893 1163 1940 adnotatione:
1199 1890 1402 1948 „Paucis
1430 1890 1628 1938 mutatis
1655 1909 1701 1938 v.
1730 1904 1897 1950 7—44

348 1975 600 2031 „distribui
653 1987 860 2038 possunt
899 1975 1027 2023 inter
1066 1993 1280 2030 servum,
1324 1973 1631 2021 meretricem
1671 1984 1720 2020 et
1760 1991 1898 2036 para-

348 2057 549 2113 ‚‚situm;
610 2075 788 2120 nempe
845 2057 1138 2105 eiiciendum
1196 2068 1271 2104 est
1335 2056 1480 2114 „vix”
1540 2074 1567 2103 e
1624 2075 1671 2103 V.
1742 2073 1798 2115 19
1850 2067 1899 2103 et

348 2140 521 2195 „huic”
561 2158 588 2187 e
628 2160 675 2190 v.
719 2140 835 2202 37.''
890 2141 1127 2188 Nituntur
1174 2142 1267 2188 hae
1306 2140 1618 2187 coniecturae
1646 2139 1896 2201 opinione,

341 2242 371 2271 a
410 2224 605 2271 nemine
647 2242 775 2271 nunc
814 2225 1041 2286 probata,
1082 2225 1130 2271 in
1173 2223 1437 2271 Menandri
1479 2223 1722 2270 Eunucho
1749 2222 1896 2270 etiam

341 2306 607 2369 parasitum
649 2318 816 2369 partes
854 2307 1031 2367 egisse.

484 2390 741 2436 BRAUNlus
780 2408 826 2452 p.
871 2406 934 2450 34
975 2408 1046 2452 sq.
1086 2390 1129 2453 2)
1182 2389 1400 2451 „priores
1440 2405 1611 2435 versus
1650 2406 1677 2435 e
1717 2387 1898 2435 Colace

489 2596 523 2645 1)
578 2595 812 2642 Neneinius‚
856 2600 1054 2643 quantum
1097 2596 1231 2641 video,
1276 2595 1327 2632 de
1367 2595 1442 2632 1136
1482 2607 1632 2632 scaena
1663 2595 1897 2643 opinionem

341 2673 421 2698 non
453 2661 633 2708 protulit.

483 2728 522 2774 2)
577 2726 775 2762 Braunius
806 2737 843 2773 p.
877 2735 926 2772 34
946 2725 1135 2773 scripsit:
1159 2725 1386 2772 „Versibus
1410 2734 1534 2761 1—10
1551 2724 1710 2762 Thraso
1728 2725 1896 2762 Thaidis

341 2792 518 2837 domum,
548 2796 592 2827 ut
622 2803 711 2827 eam
743 2791 793 2828 ad
825 2791 967 2838 epulas
999 2796 1198 2837 arcessat,
1230 2790 1457 2838 profectus,
1488 2796 1582 2827 ante
1613 2795 1774 2837 portam
1805 2802 1896 2827 cum

340 2869 390 2893 ea
426 2856 696 2903 colloquitur3
739 2856 955 2894 verbosius
994 2857 1160 2903 quidem
1200 2868 1293 2893 eum
1324 2856 1572 2893 collocutum
1602 2868 1723 2902 quam
1754 2855 1896 2903 paucis

339 2921 400 2957 his
432 2921 568 2958 verbis
599 2921 795 2967 Terentii,
827 2926 951 2968 atque
974 2921 1078 2958 113116
1101 2921 1265 2958 Colacis
1288 2933 1466 2967 scenam,
1490 2933 1613 2968 quam
1640 2930 1685 2957 10
1707 2921 1895 2958 versibus

341 2986 585 3033 complexus
615 2991 692 3031 est,
723 2986 848 3022 multo
879 2986 1114 3024 breviorem
1142 2987 1333 3023 effecisse
1364 2986 1602 3023 Terentium
1632 2985 1828 3022 iudices.'‘
