2221 3526
1114 252 1174 296 28

366 389 675 450 Pamphilam
723 391 856 436 dono
896 391 1100 436 daturus
1139 402 1284 445 esset,
1326 402 1581 453 totamque
1622 392 1771 453 igitur
1811 409 1918 438 nar-

365 471 605 517 rationem
664 473 725 518 de
778 472 928 518 milite
981 473 1161 535 (rivali)
1213 484 1263 519 et
1314 473 1508 534 virgine
1560 474 1705 537 (Eun.
1761 475 1794 520 I.
1853 475 1916 537 2),

363 554 532 614 paucis
559 555 794 615 exceptis,
824 572 850 600 e
880 555 1145 600 Menandri
1177 555 1421 602 Eunucho
1449 556 1763 618 desumptam
1791 573 1914 602 6556.

505 636 1024 683 Animadvertendum
1073 648 1239 683 tamen
1279 649 1368 692 est,
1410 639 1457 684 in
1499 639 1573 685 his
1613 640 1915 685 mentionem

362 730 553 765 tantum
596 720 698 766 fieri
737 721 798 766 de
839 719 1006 773 milite,
1048 721 1136 766 sed
1175 738 1287 766 eum
1330 738 1428 766 non
1469 722 1668 782 prodire
1708 723 1755 768 in
1783 739 1915 768 scae-

362 818 491 848 nam.
530 802 720 863 Quodsi
748 812 936 848 ceteras
964 819 1185 856 scaenas,
1216 803 1263 848 in
1293 803 1472 864 quibus
1500 805 1750 865 prodeunt
1777 804 1915 851 miles

360 895 409 930 et
458 885 717 945 parasitus,
766 885 1066 946 inspicimus,
1109 885 1273 931 statim
1314 886 1557 940 videmus,
1598 904 1682 933 eas
1720 887 1915 934 fabulae

358 977 540 1027 partes,
580 978 789 1028 excepta
829 968 907 1013 III.
955 984 997 1021 2,
1040 967 1122 1014 ubi
1164 969 1419 1030 utriusque
1452 969 1648 1015 fabulae
1676 987 1914 1031 personas

360 1049 626 1096 Terentius
665 1051 914 1111 produxit,
946 1068 1045 1097 non
1075 1063 1180 1097 arte
1208 1069 1318 1097 cum
1348 1053 1524 1098 ceteris
1550 1052 1832 1100 cohaerere.
1877 1055 1913 1117 Ι)

357 1132 459 1178 Suo
499 1132 607 1179 loco
646 1135 967 1180 ostendemus
1002 1151 1084 1180 eas
1114 1142 1281 1195 partes
1309 1153 1370 1181 ex
1400 1135 1644 1181 Eunucho
1673 1136 1739 1182 ita
1766 1136 1913 1182 eximi

356 1233 517 1276 posse,
570 1227 623 1263 ut
675 1234 773 1262 non
827 1217 988 1263 minus
1041 1228 1171 1264 recte
1223 1217 1389 1264 fabula
1440 1218 1718 1265 cohaereat.
1781 1219 1913 1265 Hinc

355 1299 528 1353 efficio,
570 1299 617 1345 in
650 1300 893 1346 Eunucho
922 1301 1235 1347 Menandrea
1264 1302 1568 1347 mentionem
1597 1301 1775 1348 factam
1803 1319 1912 1348 esse

355 1381 534 1436 militis,
582 1383 669 1429 sed
709 1400 821 1429 eum
862 1400 961 1429 non
990 1383 1038 1429 in
1067 1401 1297 1430 scaenam
1327 1384 1597 1445 prodiisse;
1641 1385 1909 1446 parasitum

354 1482 474 1511 vero
525 1465 587 1511 ab
639 1483 697 1512 ea
723 1465 889 1512 fabula
916 1466 1094 1513 afuisse
1123 1467 1398 1528 apparebit.
1434 1467 1474 1530 2)
1534 1467 1680 1528 Cepit
1722 1468 1909 1514 Teren—

354 1548 448 1594 tius
489 1549 822 1595 narrationem
864 1549 995 1595 illam
1025 1550 1086 1596 de
1116 1550 1267 1596 milite
1295 1567 1322 1596 e
1352 1551 1617 1597 Menandri
1647 1551 1908 1605 Eunucho,

352 1649 479 1693 quae
520 1632 736 1678 narratio
775 1632 819 1679 ei
858 1633 1198 1695 suppeditavit
1238 1633 1496 1680 consilium
1531 1634 1773 1680 eiusmodi
1801 1651 1908 1696 per-

350 1731 502 1761 sonae
566 1716 933 1777 producendae,
987 1717 1027 1779 3)
1092 1728 1144 1763 ut
1210 1717 1368 1778 magis
1430 1717 1619 1763 variam
1678 1718 1908 1764 redderet

348 1797 563 1844 tabulam
605 1799 752 1861 idque
792 1799 836 1845 ei
862 1799 952 1846 fuit
979 1800 1414 1846 contaminationis
1442 1817 1604 1847 causa.
1648 1801 1908 1864 Quaesivit

348 1881 648 1942 exemplum,
701 1883 834 1944 quod
886 1882 1173 1937 imitaretur,
1228 1883 1537 1945 adscivitque
1590 1883 1838 1938 Colacem,
1879 1902 1906 1930 e

349 1980 446 2025 qua
495 1963 661 2010 fabula
706 1976 959 2012 mutuatus
998 1976 1073 2012 est
1113 1983 1353 2027 personas
1394 1966 1558 2013 militis
1597 1978 1646 2013 et
1685 1967 1903 2028 parasiti,

347 2047 435 2092 sed
474 2046 540 2093 ita
580 2058 832 2094 mutuatus
870 2059 959 2106 est,
1001 2059 1053 2095 ut
1093 2066 1240 2111 quam
1271 2049 1526 2096 minimum
1556 2061 1769 2096 mutaret
1797 2068 1903 2112 per-

346 2146 494 2176 sonas
532 2147 802 2193 earumque
843 2149 1018 2178 mores.
1062 2132 1192 2178 Fieri
1232 2143 1399 2179 tamen
1442 2150 1540 2179 non
1576 2144 1754 2194 potest,
1785 2133 1902 2195 quin

348 2212 491 2259 huius
543 2213 609 2259 rei
656 2214 868 2276 vestigia
907 2215 954 2261 in
997 2226 1166 2261 nostra
1205 2215 1372 2262 fabula
1410 2216 1557 2262 etiam
1601 2234 1728 2262 nunc
1768 2217 1903 2263 inve-

347 2288 556 2343 niantur.
600 2297 724 2343 Cum
765 2310 929 2344 autem
957 2299 1081 2344 duas
1111 2299 1301 2359 priores
1328 2316 1536 2345 scaenas
1563 2299 1849 2346 immutatas
1876 2318 1902 2346 6

346 2379 612 2426 Menandri
659 2381 902 2428 Eunucho
944 2382 1141 2428 fluxisse
1183 2382 1558 2443 disputaverim,
1601 2383 1697 2429 iam
1737 2384 1901 2430 statim

491 2542 525 2594 Ι)
583 2544 643 2582 Cf.
689 2544 815 2582 Fabia
859 2557 897 2592 p.
939 2554 1012 2591 39:
1059 2546 1143 2592 „les
1182 2546 1328 2583 scenes
1360 2547 1412 2583 ou
1444 2546 1488 2583 ils
1520 2546 1699 2596 figurent
1728 2560 1778 2584 nc
1808 2552 1903 2585 sont

339 2608 484 2655 jamais
527 2609 750 2646 fortcment
792 2610 908 2647 unies
953 2611 975 2647 “a
1010 2609 1275 2649 l'ensemblc:
1309 2611 1407 2648 elles
1438 2625 1462 2661 y
1495 2618 1588 2649 sont
1619 2612 1798 2650 soudccs
1828 2625 1902 2661 par

342 2686 396 2710 un
425 2673 566 2711 bout.''

485 2761 525 2811 2)
584 2761 644 2799 Cf.
676 2774 714 2809 p.
747 2771 807 2808 30.

486 2850 522 2900 3)
581 2851 641 2888 Cf.
686 2851 813 2889 Fabia
856 2864 892 2899 p.
938 2863 1013 2898 41:
1060 2853 1144 2899 „Ce
1190 2866 1269 2900 quc
1316 2853 1506 2891 Terence
1550 2868 1572 2892 a
1612 2857 1756 2892 trouve
1798 2857 1898 2893 (lans

340 2915 570 2963 l'Eunuque
601 2928 711 2965 grec,
743 2917 846 2953 c'est
875 2918 1104 2954 seulement
1134 2919 1170 2954 la
1201 2920 1382 2956 mention
1413 2920 1508 2956 d‘un
1539 2921 1686 2967 soldat,
1717 2921 1816 2958 rival
1846 2923 1897 2958 dc

340 2980 552 3018 Phaedria.
584 2981 669 3018 Elle
702 2981 754 3018 lui
785 2994 807 3018 a
837 2982 1016 3031 suggere
1047 2983 1165 3020 l'idec
1197 2984 1247 3020 dc
1273 2990 1421 3021 mettre
1445 2997 1495 3022 en
1513 2985 1638 3022 scene
1657 2998 1704 3023 66
1723 2986 1897 3024 soldatfi’
