2221 3526
950 261 1005 303 31

203 388 394 449 opinor,
456 387 582 432 hanc
639 386 1041 431 observationem
1104 385 1213 430 huic
1262 387 1423 431 versui
1483 388 1755 448 adscripsit.

203 471 317 533 quia
356 470 432 515 hic
473 469 681 530 primum
726 469 1006 514 nominetur
1047 469 1268 521 Gnatho,
1309 469 1425 514 dum
1468 470 1571 530 ipsa
1606 471 1756 516 adno-

203 553 324 600 tatio
364 552 507 599 latius
548 562 716 612 pateat
749 561 1036 613 spectetque
1065 552 1127 597 ad
1155 562 1444 613 sequentem
1475 552 1760 598 Gnathonis

204 634 556 695 monologiam.
601 635 636 698 1)

347 718 476 764 Nam
517 717 722 764 alteram
765 717 906 763 huius
944 728 1081 764 actus
1114 733 1344 763 scaenam
1373 718 1451 780 (II.
1487 718 1533 780 2)
1562 717 1609 764 in
1637 719 1760 764 duas

203 811 369 863 partes
426 801 748 847 dividendam
806 816 930 854 esse,
980 810 1168 846 certum
1212 800 1388 847 habeo,
1468 800 1607 846 Prior
1647 818 1761 862 pars

203 885 433 949 (1—36)‚
473 883 641 946 paucis
674 883 896 945 exceptis
938 900 1064 946 quac
1100 884 1344 930 Parmeno
1372 883 1587 946 loquitur
1614 901 1760 946 quae-

203 985 298 1031 que
325 985 353 1014 a
376 967 616 1015 Terentio
641 967 748 1029 ipso
770 967 940 1014 addita
964 967 1211 1021 videntur,
1246 968 1287 1031 2)
1311 967 1452 1013 unius
1475 967 1762 1014 Gnathonis

204 1051 360 1098 verba
398 1051 633 1105 continet,
670 1050 847 1113 quibus
874 1050 1030 1097 facete
1058 1050 1284 1112 depingit
1313 1051 1533 1112 perditos
1561 1051 1762 1113 parasiti

206 1152 383 1190 mores,
425 1135 464 1198 3)
517 1135 727 1197 ideoque
778 1151 804 1180 e
858 1133 1037 1181 Colace
1077 1135 1339 1196 desumpta
1377 1145 1466 1189 est,
1508 1135 1570 1181 de
1608 1134 1763 1181 altera

204 1230 369 1266 autem
422 1229 576 1280 parte,
630 1218 677 1264 in
731 1234 828 1280 qua
868 1216 1073 1264 Gnatho
1113 1233 1221 1262 cum
1264 1217 1576 1264 Parmenone
1615 1217 1761 1264 collo-

206 1303 369 1367 quitur
408 1320 454 1349 v.
497 1303 543 1349 d.
587 1318 685 1348 non
727 1301 1059 1348 consentiunt.

349 1387 521 1432 IHNJUs
560 1403 606 1447 p„
657 1388 713 1431 18
756 1395 894 1447 putat
935 1384 1213 1431 necessario
1253 1401 1450 1431 servum
1493 1385 1541 1432 in
1582 1385 1762 1433 Colace

205 1471 310 1517 eius
360 1469 506 1516 fuisse
559 1485 816 1531 personae,
871 1485 996 1531 quae
1038 1467 1204 1515 militis
1243 1468 1411 1515 rivalis
1450 1468 1763 1516 induceretur

206 1555 255 1618 (i.
295 1570 338 1601 e.
380 1552 672 1615 Phaedriae)
713 1552 953 1614 huiusque
993 1552 1123 1598 servi
1165 1552 1319 1598 verba
1352 1568 1460 1599 esse
1488 1553 1764 1614 suspicatur

207 1638 264 1684 II.
323 1654 364 1692 2,
414 1637 494 1684 ΙΙΙ.
560 1652 598 1682 1.
654 1636 966 1699 Quamquam
1019 1645 1184 1682 autem
1237 1636 1343 1681 sine
1394 1636 1546 1682 dubio
1599 1635 1764 1684 militis

207 1720 374 1768 rivalis
412 1720 614 1782 eiusque
653 1736 827 1765 servus
866 1719 913 1764 in
956 1717 1136 1765 Colace
1176 1718 1439 1765 adfuerunt
1479 1749 1545 1752 —
1579 1719 1762 1765 etenim

207 1805 301 1851 hoc
339 1804 532 1851 efficere
572 1803 684 1849 licet
722 1819 783 1849 ex
824 1803 895 1857 iis,
926 1819 1052 1865 quae
1079 1819 1227 1864 supra
1254 1802 1503 1864 disputavi
1531 1803 1593 1849 de
1620 1820 1766 1850 serva

207 1887 507 1950 Aethiopica
547 1916 613 1921 —
655 1898 836 1941 tamen,
874 1903 1000 1949 quae
1029 1885 1105 1932 hic
1134 1886 1378 1932 Parmeno
1406 1885 1635 1949 loquitur,
1666 1903 1764 1932 non

206 1971 333 2019 illius
371 1970 502 2017 servi
542 1970 697 2016 verba
736 1986 843 2016 esse
887 1979 1109 2031 possunt.

351 2054 567 2101 Primum
592 2055 851 2100 BRAUNIUs
875 2063 1006 2099 recte
1029 2052 1219 2099 monuit
1245 2070 1291 2114 p.
1320 2069 1381 2112 24
1404 2070 1512 2115 sqq.
1555 2052 1763 2107 Uinium,

208 2156 316 2186 cum
356 2138 631 2200 disputaret
669 2153 883 2190 servum,
921 2136 1002 2199 qui
1031 2153 1178 2199 quam
1208 2135 1421 2183 maxime
1449 2137 1511 2183 ad
1541 2136 1765 2183 Eunuchi

356 2339 391 2389 1)
449 2338 510 2377 Cf.
540 2338 666 2376 Fabia
698 2349 735 2385 p.
770 2346 844 2384 39:
877 2336 962 2383 „Le
986 2336 1236 2386 monologue
1257 2337 1310 2374 de
1332 2336 1522 2374 Gnathon
1544 2338 1596 2385 (v.
1625 2339 1766 2385 1—34)

209 2410 272 2443 est
302 2406 409 2443 donc
438 2404 514 2442 tire
545 2403 599 2441 du
629 2403 775 2449 Colax,
807 2403 843 2440 le
865 2402 1056 2451 dialogue
1078 2402 1147 2450 qui
1170 2402 1250 2439 suit
1270 2407 1335 2439 est
1356 2402 1431 2439 tire'
1449 2403 1500 2440 de
1522 2402 1765 2450 l’Eunuque.

210 2471 324 2509 C'est
362 2471 463 2508 dans
501 2482 549 2507 ce
586 2481 682 2506 sens
713 2469 809 2517 qu’il
838 2469 924 2506 faut
955 2467 1203 2516 interpreter
1232 2468 1269 2505 la
1299 2480 1518 2516 remarque
1549 2468 1600 2505 de
1630 2468 1767 2506 Donat

209 2549 260 2574 au
289 2548 384 2575 vers
414 2536 515 2573 228:
574 2535 718 2582 „Haec
749 2535 858 2582 apud
890 2534 1162 2571 Menandrum
1192 2546 1227 2571 6.
1258 2546 1296 2581 q.
1328 2533 1384 2571 s.”

353 2625 394 2676 2)
450 2625 638 2662 Donatus
675 2624 726 2661 ad
762 2623 806 2661 II.
845 2633 879 2660 2.
921 2632 968 2670 23
1010 2624 1205 2661 adnotat:
1248 2623 1428 2670 „Scitum
1466 2623 1503 2660 h.
1535 2622 1765 2660 hominem:

209 2691 309 2729 mire
348 2691 568 2728 Terentius
605 2690 753 2739 longae
790 2689 964 2726 orationi
1005 2688 1249 2736 interloquia
1279 2689 1483 2736 quaedam
1512 2688 1692 2734 adhibet,
1722 2692 1768 2725 ut

209 2756 418 2795 fastidium
457 2755 704 2804 prolixitatis
741 2755 880 2799 evitet,
911 2754 1024 2791 velut
1054 2766 1161 2791 nunc
1192 2753 1392 2791 Parmeno
1422 2754 1566 2801 procul
1596 2754 1767 2791 audiens

210 2822 472 2860 Gnathonem
501 2821 604 2858 haec
636 2820 824 2868 loquitur.

357 2911 394 2961 3)
453 2909 514 2948 Cf.
560 2908 709 2946 Athen.
742 2882 788 2946 '6
834 2909 910 2956 258
954 2909 1012 2945 E:
1075 2911 1402 2958 ,,Κεχαρακτήρικεν
1446 2908 1487 2948 ὡς
1531 2908 1576 2942 ἔνι
1613 2908 1767 2956 μάλιστα

212 2977 375 3026 ἐπιμελῶς
405 2975 461 3011 τὸν
495 2975 631 3010 Κόλακι
662 2973 853 3025 Μένανδρος
883 2975 914 3009 ἐν
944 2979 991 3022 τῷ
1020 2973 1185 3022 ὁμωνύμῳ
1215 2972 1407 3024 δράματι.”
