2221 3526
926 245 984 291 55

184 377 437 435 755777-65,
485 373 759 432 768*†7o),
801 372 925 417 sicut
966 371 1042 417 hic
1071 370 1319 431 leguntur,
1349 372 1534 432 optime
1564 372 1733 419 referri

180 467 402 519 possunt,
434 467 733 517 poetamque
765 464 985 501 nostrum
1016 454 1107 507 hic,
1139 463 1191 500 ut
1219 453 1265 499 in
1290 453 1370 501 III.
1404 470 1446 507 2,
1478 453 1734 516 utriusque

179 540 389 594 fabulae,
439 538 666 584 Eunuchi
707 548 756 584 et
795 536 1004 591 ColaciS‚
1046 553 1276 583 scaenam
1317 537 1580 583 artificiose
1620 554 1733 583 con-

179 622 412 669 iunxisse.

321 705 461 768 Quae
501 721 611 751 cum
654 704 719 750 ita
752 703 864 757 sint,
906 702 1106 749 alterius
1145 701 1450 764 quaestionis
1478 700 1736 763 responsio

178 789 224 835 in
265 798 500 850 promptu
539 798 640 834 est:
684 786 951 833 Terentius
991 803 1051 832 ex
1092 785 1347 848 utriusque
1386 784 1583 832 fabulae
1630 801 1738 847 per-

176 870 312 917 sonis
352 870 669 917 Chremetem
710 886 854 916 suum
890 868 1184 930 composuit.
1216 868 1290 915 Ea
1316 867 1465 922 enim,
1496 884 1624 930 quae
1653 866 1736 913 IV.

180 958 208 1001 6
248 965 297 1001 et
342 967 365 1013 7
407 954 470 1000 ad
510 953 829 1016 Chremetem
870 951 1137 1014 pertinent,
1178 952 1241 998 ad
1283 968 1431 997 unam
1474 967 1738 1012 personam

179 1037 346 1085 referri
387 1046 610 1099 possunt.
655 1037 728 1084 Ea
768 1052 968 1098 quoque
1008 1034 1196 1097 optime
1234 1034 1543 1081 conveniunt
1589 1033 1740 1080 Chre—

180 1121 311 1175 meti,
353 1120 436 1183 qui
477 1120 642 1182 prodit
682 1120 767 1166 IV.
813 1133 856 1180 5,
897 1118 1052 1165 sedis
1081 1135 1179 1164 non
1209 1117 1505 1164 adulescens
1534 1117 1742 1163 rusticus

179 1204 441 1251 habendus
491 1214 580 1251 est.
637 1204 712 1249 Ex
765 1203 909 1249 huius
959 1218 1169 1248 scaenae
1224 1201 1388 1248 colore
1428 1201 1741 1248 manifestum

178 1298 253 1335 est
305 1287 435 1334 hunc
489 1287 808 1333 Chremetem
862 1285 1010 1332 fuisse
1062 1284 1434 1332 adulescentem
1481 1284 1742 1340 urbanum,

179 1370 475 1425 liberiorem,
518 1369 709 1432 puellas
748 1387 800 1416 se
840 1369 1016 1416 sectari
1058 1368 1333 1430 vinumque
1368 1385 1535 1415 amare
1562 1367 1743 1415 iactan-

179 1464 295 1509 tem,
337 1453 631 1516 plerumque
672 1463 962 1515 protervum
1003 1462 1054 1500 et
1092 1451 1406 1506 insolentem,
1441 1452 1528 1498 sed
1556 1451 1637 1497 ubi
1666 1468 1743 1498 res

177 1537 358 1599 agitur,
401 1537 639 1599 ignavum
680 1547 730 1583 et
769 1535 1010 1583 timidum.
1054 1535 1142 1582 Sin
1183 1544 1348 1582 autem
1390 1565 1455 1568 —
1496 1551 1623 1597 quae
1664 1551 1742 1581 res

178 1620 241 1668 ab
281 1620 423 1667 Ihnio
461 1631 511 1667 et
550 1620 705 1667 Fabia
746 1619 974 1681 neglecta
1012 1629 1087 1666 est
1126 1649 1191 1652 —
1233 1618 1407 1665 harum
1448 1634 1740 1665 scaenarum

179 1704 497 1751 Chremetem
550 1721 897 1765 comparamus
948 1719 1059 1749 cum
1112 1701 1395 1756 Chremete,
1449 1701 1531 1764 qui
1577 1700 1744 1763 prodit

180 1787 260 1835 III.
305 1804 350 1848 3,
402 1805 463 1834 ex
504 1787 574 1842 iis,
617 1804 744 1849 quae
784 1786 1035 1848 disputavi
1075 1802 1122 1847 p.
1168 1798 1223 1845 51
1271 1794 1498 1847 apertum
1539 1794 1614 1831 est
1654 1783 1743 1830 has

180 1888 420 1933 personas
471 1870 676 1917 multum
736 1870 863 1917 inter
919 1886 971 1916 se
1028 1869 1225 1915 differre
1284 1884 1445 1930 neque
1503 1867 1744 1914 Terentio

180 1954 448 2016 contigisse
501 1964 554 2000 ut
605 1971 690 2000 eas
742 1953 898 2015 probe
950 1952 1288 1999 concinnaret.
1331 1951 1385 1998 In
1426 1951 1619 1998 scaenis
1657 1951 1742 1997 IV.

190 2054 228 2093 1,
259 2041 305 2093 6,
338 2051 362 2098 7
395 2037 637 2084 Chremes
665 2037 844 2099 partim
872 2046 948 2083 est
974 2036 1139 2090 frater,
1171 2035 1248 2082 cui
1274 2051 1416 2082 soror
1443 2034 1747 2081 restituenda

181 2132 256 2168 est
278 2121 514 2184 (persona
544 2120 809 2184 Eunuchi),
841 2119 1019 2181 partim
1050 2119 1266 2166 conviva
1292 2117 1459 2165 militis
1484 2127 1534 2165 et
1553 2117 1747 2164 adiutor

183 2204 454 2251 meretricis
504 2204 739 2268 (persona
792 2202 1021 2267 Colacis).
1076 2203 1264 2249 Versus
1310 2205 1338 2248 6
1379 2211 1428 2249 et
1472 2214 1495 2261 7
1537 2217 1746 2248 scaenae

183 2288 268 2334 IV.
318 2304 334 2334 1
394 2287 532 2351 (620,
590 2287 672 2351 21)
713 2286 884 2334 inutile
925 2296 1105 2348 poetae
1145 2284 1309 2332 Latini
1348 2284 1745 2332 additamentum

183 2370 372 2425 habeo;
426 2370 488 2417 de
539 2387 720 2417 scaena
773 2370 857 2417 IV.
914 2372 942 2415 6
993 2385 1145 2430 supra
1195 2366 1473 2429 disputavi;
1523 2384 1550 2414 e
1589 2367 1674 2413 IV.
1721 2379 1744 2426 7

183 2469 358 2500 versus
408 2453 470 2499 de
521 2451 797 2514 Pamphila,
851 2451 1133 2499 Chremetis
1183 2467 1367 2505 sorore,
1421 2467 1450 2496 a
1508 2447 1748 2496 Terentio

183 2536 380 2583 additos
417 2535 685 2600 (805—8)‚
727 2535 954 2582 facillime
993 2533 1142 2581 eximi
1181 2543 1406 2596 possunt.
1444 2532 1480 2597 1)

333 2714 367 2761 1)
425 2712 486 2751 Cf.
526 2711 653 2749 Fabia
692 2724 730 2759 p.
766 2714 838 2749 42:
871 2711 1008 2758 „Dans
1038 2710 1075 2747 la
1106 2709 1233 2747 scene
1264 2709 1454 2747 suivante
1483 2708 1565 2756 (IV.
1600 2706 1650 2757 7),
1681 2707 1749 2754 qui

185 2784 249 2817 est
288 2783 378 2815 tout
417 2777 574 2814 entiere
613 2776 716 2814 tiree
757 2778 811 2814 du
842 2777 988 2822 Colax,
1021 2775 1212 2813 Terence
1243 2787 1266 2812 a
1297 2774 1529 2812 seulement
1555 2772 1751 2810 introduit

185 2844 387 2892 quelques
426 2842 728 2880 modifications
764 2843 819 2888 ,de
859 2841 983 2880 detail
1015 2854 1095 2889 que
1126 2841 1287 2878 rendait
1318 2839 1556 2877 necessaire
1587 2838 1624 2876 la
1654 2837 1749 2875 sub-

185 2908 371 2947 stitution
410 2909 461 2945 de
503 2907 716 2954 Chremes,
760 2907 867 2944 frere
906 2907 958 2944 de
998 2907 1035 2943 la
1071 2907 1194 2954 jeune
1235 2905 1315 2942 fille
1356 2903 1561 2942 re'clamee
1601 2915 1675 2951 par
1712 2903 1749 2940 le

187 2974 333 3021 soldat,
364 2974 386 3011 a
415 2985 469 3011 un
500 2972 644 3021 simple
670 2973 775 3011 >rival
804 2972 856 3010 de
887 2971 1052 3010 celui-ci
1081 2970 1133 3022 (v.
1166 2971 1241 3018 805
1272 2969 1404 3019 sqq).''
