2221 3526
863 271 923 329 65

123 423 224 466 „est
277 412 515 462 Chaerea.
569 429 696 473 quae
747 429 776 458 a
827 428 878 457 se
931 421 1042 472 post
1088 427 1317 457 scaenam
1357 421 1499 471 gesta
1537 420 1667 458 sunt.

123 496 231 547 ..Fit
280 507 444 542 autem
499 496 591 540 hoc
644 494 809 556 populi
862 510 1021 545 causa.
1072 504 1122 540 ut
1173 504 1423 555 spectator
1474 493 1670 539 oriculis

123 578 372 638 ..accipiat,
425 578 559 639 quod
610 577 832 623 subicere
885 576 1037 622 oculis
1094 586 1242 637 poeta
1301 593 1398 622 non
1458 575 1668 637 potuit‚''

117 677 238 706 voce
296 658 504 721 „poeta”
547 659 811 719 significari
851 670 1103 706 auctorem
1143 658 1354 713 fabulae,
1405 657 1670 705 scholiasta

116 744 243 789 hanc
289 759 517 789 scaenam
560 743 841 789 Menandro
880 742 1065 789 tribuit.
1107 742 1207 788 Sed
1248 742 1295 788 in
1336 741 1480 789 tertia
1518 742 1670 788 adno-

115 825 328 872 tatione:
388 825 541 879 „Heri
581 825 695 887 aliq.
736 843 779 872 a.
805 842 874 871 c.:
915 826 1043 870 bene
1083 824 1288 871 inventa
1328 840 1541 886 persona
1579 833 1668 877 est,

122 908 226 961 „cui
278 919 443 954 narret
483 908 723 962 Chaerea,
766 925 827 953 ne
868 925 995 953 unus
1033 907 1116 953 diu
1157 907 1404 970 loquatur,
1447 918 1499 953 ut
1537 907 1671 968 apud

122 1029 140 1045 ,.
152 990 545 1043 Menandru1n,''-
582 991 849 1037 Terentius
887 1001 936 1037 et
965 991 1246 1037 Menander
1272 1000 1442 1052 aperte
1466 990 1593 1037 inter
1619 1006 1671 1035 se

115 1085 436 1136 opponuntur
487 1075 567 1126 ita,
622 1085 673 1121 ut
724 1075 858 1136 apud
899 1074 1233 1120 Menandrum
1274 1074 1500 1121 Chaerea
1539 1072 1672 1119 solus

117 1157 406 1211 narraverit,
460 1174 587 1220 quae
640 1158 771 1204 intus
815 1157 943 1204 facta
981 1168 1162 1211 essent,
1203 1174 1232 1203 a
1272 1157 1512 1204 Terentio
1553 1173 1672 1203 vero

116 1241 424 1302 Antiphonis
472 1258 685 1302 persona
723 1241 887 1287 addita
930 1240 1007 1295 sit,
1048 1240 1124 1286 cui
1165 1239 1391 1287 Chaerea
1431 1251 1669 1287 narraret.

260 1324 336 1369 De
400 1324 491 1370 hac
553 1324 876 1370 adnotatione
940 1323 1144 1370 multum
1207 1324 1514 1386 disputatum
1579 1333 1669 1371 est.

116 1407 407 1460 Grauertus,
475 1407 731 1461 Braunius,
794 1407 1081 1461 Nencinius,
1142 1406 1297 1454 Fabia
1361 1406 1671 1468 Antiphonis

115 1507 378 1552 personam
421 1491 661 1537 Terentio
700 1491 936 1545 tribuunt,
979 1491 1224 1543 Benfeius,
1262 1490 1445 1544 Ihnius,
1477 1490 1670 1536 Teuffe-

116 1574 222 1628 lius,
266 1574 512 1635 Kampius
550 1591 660 1620 eum
702 1575 984 1621 Menandro
1023 1574 1293 1630 vindicant.

260 1658 520 1713 REM-ms,
553 1658 589 1721 1)
629 1675 843 1719 quocum
886 1658 1117 1704 KAMPIUS
1150 1674 1196 1719 p.
1242 1674 1296 1703 12
1328 1657 1593 1712 consentit,
1623 1656 1670 1702 in

116 1756 205 1786 sua
242 1739 465 1787 translat.
505 1757 729 1799 german.
771 1758 818 1802 p.
864 1754 959 1801 537
1002 1740 1157 1787 verba
1191 1751 1273 1794 „ut
1300 1741 1434 1801 apud
1464 1740 1671 1786 Menan-

116 1822 293 1869 drum''
334 1823 396 1870 ad
436 1833 591 1870 totam
632 1823 929 1871 sententiam
970 1823 1173 1871 rettulit.

259 1907 434 1953 IiiNius
472 1924 518 1968 p.
565 1923 622 1953 22
667 1918 799 1953 recte
837 1908 1046 1954 adnotat
1086 1906 1340 1953 Benfeium
1369 1906 1491 1953 haec
1519 1906 1674 1952 verba

116 1988 373 2035 falsissime
412 1989 478 2035 ita
512 1989 744 2049 iungere:
792 1990 956 2044 „Bene
984 1989 1190 2036 inventa
1218 2006 1431 2051 persona
1459 1999 1511 2035 ut
1537 1989 1671 2050 apud

118 2072 470 2128 Menandrum,
523 2089 584 2118 ne
630 2090 756 2118 unus
795 2073 878 2119 diu
917 2071 1199 2135 loquatur.''
1241 2073 1351 2134 Ipse
1391 2072 1546 2118 verba
1591 2082 1674 2126 „ut

117 2156 250 2216 apud
290 2154 659 2201 Menandrum'’
699 2155 923 2202 eicienda
961 2165 1156 2210 censet;
1199 2154 1383 2202 scilicet
1422 2154 1461 2200 si
1490 2154 1538 2200 in
1568 2155 1672 2200 Me-

119 2238 294 2285 nandri
353 2238 598 2284 Eunucho
655 2238 880 2285 Chaerea
937 2238 1070 2285 solus
1121 2238 1374 2300 prodierit,
1427 2237 1673 2299 permulta

119 2320 359 2368 Terentio
397 2321 662 2369 tribuenda
699 2332 882 2369 essent.
910 2323 952 2386 2)
993 2322 1176 2368 Eiectis
1215 2322 1365 2382 igitur
1405 2321 1478 2367 his
1506 2321 1675 2367 verbis

266 2527 300 2573 1)
355 2526 576 2564 Nencinius
615 2539 654 2575 p.
684 2537 733 2574 93
775 2539 994 2576 perperam
1033 2528 1218 2576 scripsit:
1259 2527 1394 2574 „Ante
1429 2527 1675 2565 Grauertum

118 2591 309 2628 Benfeius
339 2604 374 2629 e.
392 2604 429 2640 q.
447 2591 504 2629 s,’'
535 2592 779 2648 Legendum
810 2594 972 2641 ‚‚post'’.

260 2680 300 2724 2)
356 2680 489 2718 Ihnius
519 2693 555 2728 p.
588 2690 639 2718 20
668 2693 727 2729 sq.
759 2682 863 2719 haec
892 2683 1038 2720 habet:
1070 2682 1144 2719 sed
1174 2687 1287 2719 tanta
1318 2694 1412 2730 pars
1443 2682 1544 2729 eius,
1567 2694 1674 2729 quae

118 2746 307 2793 sequitur
345 2757 522 2783 scaenae
561 2746 758 2783 Terentio
798 2748 1016 2785 tribuenda
1055 2753 1180 2794 esset,
1220 2753 1414 2795 quantam
1454 2759 1675 2795 numquam

119 2811 234 2848 dedit
262 2812 314 2848 de
345 2824 432 2848 suo,
463 2811 589 2848 Vides
620 2812 727 2848 enirn
757 2813 891 2849 omnia
921 2825 981 2859 ea,
1004 2825 1110 2861 quae
1134 2814 1184 2850 ad
1207 2813 1451 2850 narrandam
1472 2825 1558 2849 rem
1579 2818 1674 2850 ante

119 2881 266 2922 actam,
298 2876 478 2925 ignotam
508 2876 743 2924 Antiphoni,
766 2878 1082 2925 'spectatoribus
1112 2878 1367 2915 notissimam
1397 2878 1603 2925 pertinent
1633 2884 1675 2915 et

119 2946 337 2988 praeterea
367 2953 510 2978 versus
542 2954 563 2978 a
597 2949 615 2988 5
646 2942 697 2978 ad
729 2943 750 2979 8
771 2955 852 2979 non
874 2943 1059 2990 potuisse
1081 2943 1217 2980 locum
1237 2943 1393 2979 habere
1415 2942 1453 2979 in
1475 2943 1674 2980 Eunucho

119 3005 345 3052 Menandri,
376 3007 408 3043 si
439 3006 492 3043 ibi
522 3007 633 3043 solus
665 3006 702 3042 in
735 3018 928 3044 scaenam
959 3008 1144 3045 Chaerea
1175 3007 1413 3055 prodierit.'’

1576 3089 1599 3135 5
