2221 3526
899 248 960 293 37

159 376 286 426 „Sed
309 377 456 422 video
478 375 645 422 erilem
675 376 821 421 filium
844 393 851 421 :
885 376 995 421 Non
1029 385 1191 437 potest
1214 376 1480 423 Terentius
1508 374 1706 443 τρόφιμον

151 459 313 506 dicere
333 470 381 504 et
406 459 514 504 ideo
538 458 734 512 „erilem
755 457 938 503 lilium''
956 457 1104 504 dicit''
1124 457 1447 521 (Nenciniusz
1479 459 1705 519 „proprie

150 540 345 588 dicere”
387 542 684 603 perperam),
720 539 910 586 collatis
936 540 1134 587 scholiis
1161 541 1223 586 ad
1254 540 1451 588 Phorm.
1482 541 1539 588 II.
1578 557 1615 588 Ι.
1648 555 1704 601 5;

156 624 368 678 „Erilem
412 623 560 670 lilium
614 621 813 690 τρόφιμον
854 624 1030 670 Graeci
1072 624 1241 670 dicunt
1270 634 1419 686 atque
1448 623 1578 670 haud
1605 624 1705 670 scio

146 724 209 754 an
264 707 425 753 Latini
477 724 672 769 quoque
713 705 964 753 alumnum
1006 707 1168 753 dicere
1207 717 1440 768 poterant
1482 706 1571 753 nisi
1613 706 1706 753 hoc

150 789 385 837 mallent”
438 800 487 836 et
527 790 559 836 Ι.
607 806 649 837 2.
696 806 785 836 21:
846 790 1201 849 „Magistrunn
1248 790 1316 836 sic
1356 790 1519 837 Latini
1559 807 1703 852 quem

148 873 327 919 Graeci
356 870 632 935 παιδαγωγόν
652 871 956 934 appellant,'’
987 873 1134 919 efficit
1162 872 1452 919 Terentium
1481 871 1705 919 consulto

146 956 376 1010 evitasse,
419 966 469 1002 ut
497 955 789 1017 Chaeream,
831 956 912 1018 qui
945 973 973 1002 a
1003 956 1285 1002 Menandro
1313 952 1511 1023 τρόφιμος
1538 955 1704 1017 appel-

146 1038 356 1094 labatur,
399 1039 576 1086 Latine
615 1049 817 1085 vocaret
863 1037 1196 1094 „aliunnum'’‚
1239 1039 1385 1101 idque
1425 1039 1551 1102 ideo,
1591 1039 1706 1101 quia

148 1122 374 1170 Chaerea
411 1124 544 1184 apud
580 1123 913 1169 Menandrum
943 1139 1118 1169 revera
1145 1122 1306 1168 adhuc
1333 1119 1531 1190 τρόφιμος
1557 1132 1702 1176 esset,

148 1206 241 1252 hoc
279 1218 355 1253 est
392 1206 484 1252 sub
524 1206 839 1268 paedagoge,
880 1206 967 1252 sed
1009 1205 1054 1251 in
1092 1223 1181 1252 sua
1207 1204 1373 1252 fabula
1401 1205 1494 1252 iam
1523 1222 1585 1252 ex
1614 1205 1705 1251 hac

145 1299 309 1336 aetate
347 1289 655 1337 excessisset.

286 1373 387 1419 Sed
429 1372 551 1419 haec
590 1372 843 1419 conclusio
870 1371 992 1418 falsa
1019 1382 1109 1419 est.
1140 1371 1340 1418 Etenim
1368 1371 1407 1417 si
1437 1371 1704 1418 Terentius

146 1455 422 1502 Chaeream
470 1455 788 1510 „alumnum”
829 1455 993 1502 dicere
1024 1454 1194 1509 noluit,
1224 1455 1338 1518 quia
1366 1472 1463 1501 non
1493 1454 1704 1516 amplius

146 1538 376 1586 utebatur
432 1540 747 1601 paedagogo,
807 1555 891 1585 cur
949 1537 1297 1599 Antiphonem
1349 1537 1701 1599 paedagogum

146 1621 414 1668 habentem
443 1622 664 1685 (Phorm.
695 1623 728 1668 I.
763 1638 805 1669 2.
840 1637 894 1667 21
924 1621 1034 1684 sq.),
1072 1638 1171 1667 non
1200 1621 1324 1667 dixit
1352 1619 1702 1675 ‚‚alumnum’'?

146 1706 429 1767 Responsio
482 1706 529 1752 in
582 1715 815 1767 promptu
867 1714 968 1751 est:
1022 1704 1136 1766 quia
1182 1721 1281 1750 vox
1327 1703 1616 1759 „alumnus”
1657 1704 1700 1750 ei

144 1788 193 1835 in
233 1806 321 1835 usu
362 1806 460 1835 non
501 1800 622 1843 erat,
663 1788 766 1835 eius
806 1787 914 1834 loco
954 1787 1152 1833 dicebat
1197 1785 1395 1842 „erilem
1438 1785 1623 1833 filiu1n”
1652 1796 1702 1833 et

144 1871 219 1918 his
269 1871 387 1919 locis
439 1883 488 1919 et
539 1872 670 1919 alibi.
726 1871 926 1917 Plautus
966 1870 1041 1916 bis
1080 1870 1308 1917 adhibuit
1353 1868 1698 1925 ,‚alumnum’':

144 1955 350 2003 Mercat.
391 1973 439 2003 v.
483 1958 599 2010 810,
642 1955 689 2001 in
730 1954 836 2000 lusu
876 1953 1159 2008 verborum,
1202 1953 1283 1999 ubi
1334 1952 1494 2008 „erilis
1540 1951 1698 1999 filius'’

143 2039 365 2101 usurpari
405 2055 504 2084 non
546 2047 755 2100 poterat,
792 2047 842 2083 et
869 2035 1055 2083 Cistell.
1086 2054 1131 2082 v.
1167 2049 1282 2096 595.
1314 2035 1447 2082 Hinc
1473 2045 1697 2097 apparet,

144 2121 259 2183 quid
298 2121 361 2168 sit
405 2138 534 2177 „non
575 2119 771 2183 potest”
814 2120 861 2166 in
902 2118 1090 2165 scholio
1132 2119 1320 2165 Donati
1358 2119 1422 2165 ad
1462 2119 1519 2167 ΙΙ.
1565 2135 1607 2166 2.
1636 2122 1696 2179 58

142 2215 192 2251 et
241 2222 325 2251 cur
376 2205 612 2267 magister
656 2203 831 2266 aliquis
872 2203 919 2249 in
959 2201 1148 2248 scholio
1187 2202 1250 2248 ad
1291 2201 1489 2249 Phorm.
1532 2202 1566 2249 I.
1605 2218 1642 2249 1.
1670 2216 1693 2262 5

143 2298 256 2350 post
291 2288 478 2335 Donati
506 2287 689 2335 verba:
726 2284 956 2354 „rpo‘pigiw
984 2285 1163 2332 Graeci
1191 2284 1393 2332 dicunt'’
1423 2286 1696 2333 addiderit:

149 2381 325 2434 „atque
366 2371 497 2418 haud
535 2371 637 2418 scio
661 2410 670 2418 .
696 2410 705 2418 .
732 2409 741 2418 .
767 2408 776 2417 .
820 2368 1074 2416 mallent.’'

285 2453 517 2501 Ceterum
564 2471 673 2500 cum
715 2453 941 2499 Chaerea
979 2452 1126 2499 etiam
1169 2452 1217 2498 in
1258 2447 1460 2515 Εὐνούχῳ
1493 2469 1696 2498 uxorem

141 2537 352 2592 duxerit,
404 2537 535 2583 haud
580 2537 680 2584 scio
720 2554 782 2583 an
824 2536 889 2582 ibi
930 2552 1126 2598 quoque
1166 2534 1332 2597 plures
1371 2552 1519 2598 quam
1559 2536 1696 2582 sede-

140 2620 233 2666 cim
285 2637 444 2667 annos
490 2620 730 2667 habuerit.
797 2619 932 2666 Idem
985 2618 1120 2666 valet
1158 2619 1220 2665 de
1261 2618 1572 2680 Antiphone,
1614 2618 1696 2680 qui

140 2703 188 2749 in
242 2703 542 2750 Phormione
593 2704 657 2750 ad
697 2702 1063 2750 matrimonium
1105 2702 1375 2749 ineundum
1415 2700 1696 2762 compulsus

139 2802 248 2832 esse
286 2786 454 2833 fertur.

283 2869 401 2915 Meo
441 2868 590 2930 igitur
630 2869 808 2915 iudicio
850 2868 1121 2916 Nencinius
1150 2885 1248 2914 non
1278 2868 1510 2930 probavit
1537 2867 1695 2914 Chae-

140 2969 273 3000 ream
314 2953 446 3015 apud
486 2952 818 3005 Menandrum
860 2969 959 2999 non
993 2952 1138 2998 fuisse
1166 2951 1414 3015 publicum
1443 2951 1490 2998 in
1521 2951 1694 2998 Piraeo
