2221 3526
968 260 1031 305 45

224 388 310 433 sed
350 388 412 433 ad
452 386 550 432 vim
579 396 628 433 et
655 385 980 432 contumelias
1007 386 1278 432 descendat
1308 404 1466 449 neque
1496 388 1780 436 Gnathonis

225 470 477 516 consilium
520 469 814 531 perficiatur,
860 467 1100 515 Braunius
1128 486 1174 530 p.
1209 486 1270 529 34
1301 480 1441 530 putat
1486 472 1780 520 scholiastae

225 552 597 599 adnotationem
639 552 702 598 ad
743 552 822 598 ΙΙΙ.
874 568 911 598 1.
959 566 1022 611 50
1061 550 1231 598 falsam
1273 568 1380 598 esse
1420 563 1469 599 et
1508 555 1778 609 contendit,

225 652 330 682 cum
390 634 544 681 maior
602 634 736 681 rixae
798 651 911 696 pars
969 634 1096 680 inter
1152 651 1324 681 cenam
1384 645 1495 697 post
1551 654 1779 684 scaenam

224 728 469 780 ageretur,
511 718 718 764 sortasse
759 717 806 763 in
848 717 1114 765 Menandri
1156 717 1337 765 Colace
1378 718 1611 765 maiorem
1648 720 1782 767 rixae

224 812 415 864 partem
456 801 503 847 in
544 818 725 848 scaena
763 811 921 847 actam
963 818 1072 848 esse
1111 802 1173 848 ad
1213 818 1421 864 eamque
1462 802 1583 849 haec
1618 803 1783 850 militis

224 896 273 932 et
311 884 512 947 parasiti
551 885 707 932 verba
745 883 1008 946 pertinere.
1043 886 1078 948 1)

370 967 628 1030 Kampius,
670 978 721 1014 ut
762 966 854 1014 iam
884 967 1113 1023 vidimus,
1149 978 1318 1016 censet
1346 968 1412 1032 (p.
1453 969 1529 1033 11)
1559 969 1782 1017 Terentii

227 1068 408 1098 nomen
450 1051 497 1098 in
540 1062 710 1098 nostro
748 1050 936 1097 scholio
976 1068 1181 1113 parvam
1225 1051 1408 1098 habere
1441 1051 1782 1100 auctoritatem

226 1146 275 1182 et
315 1134 479 1181 militis
519 1133 818 1197 parasitique
857 1133 1153 1197 colloquium
1193 1151 1220 1180 e
1261 1134 1442 1182 Colace
1468 1135 1783 1197 desumptum

226 1235 350 1273 esse,
403 1235 548 1281 quam
601 1217 816 1264 fabulam
869 1234 968 1263 non
1023 1216 1294 1279 inspexerit
1349 1217 1628 1273 scholiasta,
1687 1236 1785 1281 quo

226 1303 405 1349 factum
446 1300 522 1355 sit,
564 1312 615 1348 ut
652 1317 802 1362 saepe
842 1311 1020 1363 poetae
1055 1301 1286 1347 Romano
1313 1300 1623 1357 attribuatur,
1652 1303 1785 1365 quod

227 1386 467 1433 debeatur
530 1383 715 1431 auctori
779 1383 1067 1431 comoediae
1131 1385 1370 1432 Graecae.
1437 1385 1560 1431 Cum
1619 1396 1783 1432 autem

230 1467 509 1515 Chremetis
548 1485 762 1530 persona
788 1478 837 1514 et
865 1467 912 1514 in
941 1467 1186 1514 Eunucho
1213 1478 1262 1514 et
1290 1467 1337 1514 in
1368 1468 1548 1515 Colace
1578 1469 1785 1516 Menan-

229 1552 302 1600 dri
343 1551 579 1615 prodiret,
620 1550 885 1598 verisimile
926 1561 1080 1613 putat,
1124 1551 1466 1598 oeconomiam
1507 1551 1637 1599 illam
1678 1569 1785 1615 per-

227 1636 385 1683 tinere
424 1635 487 1682 ad
527 1633 793 1681 Menandri
836 1634 1085 1682 Colacem.
1128 1634 1330 1697 Optime
1370 1653 1417 1682 v.
1459 1635 1506 1682 d.
1548 1634 1628 1682 ille
1669 1635 1787 1682 mihi

227 1718 425 1766 videtur
470 1718 564 1764 hoc
602 1717 940 1765 adumbrasse.
985 1718 1064 1764 De
1104 1717 1262 1779 iurgio
1302 1717 1384 1764 illo
1423 1717 1554 1764 enim
1594 1728 1786 1765 tantum

230 1801 416 1849 mentio
476 1801 528 1847 fit
584 1800 632 1846 in
691 1799 748 1846 iis
804 1800 999 1847 fabulae
1059 1800 1296 1863 partibus,
1350 1818 1477 1863 quae
1528 1818 1554 1847 e
1607 1801 1788 1848 Colace

229 1887 521 1947 desumptae
560 1894 673 1931 sunt
713 1884 818 1948 (IV.
870 1901 908 1931 Ι.
949 1898 992 1945 5.
1024 1888 1068 1931 6.
1103 1898 1127 1943 7
1160 1885 1221 1932 V.
1256 1885 1318 1948 7).
1362 1885 1503 1931 Haec
1542 1884 1789 1932 sententia

229 1969 378 2017 etiam
405 1985 466 2015 eo
493 1968 827 2022 confirmatur,
852 1968 985 2030 quod
1008 1967 1101 2014 iam
1125 1967 1225 2014 dixi
1254 1986 1300 2029 p.
1335 1970 1413 2023 28,
1444 1967 1492 2014 in
1522 1967 1788 2015 Menandri

231 2052 473 2099 Eunucho
518 2052 693 2098 eodem
735 2051 900 2105 modO,
942 2067 1040 2113 quo
1080 2050 1126 2097 in
1170 2061 1339 2098 nostra
1377 2050 1544 2097 fabula
1583 2050 1789 2098 mentio-

232 2153 344 2183 nem
407 2135 583 2182 factam
647 2151 754 2180 esse
818 2133 999 2190 militis,
1058 2135 1146 2181 sed
1202 2152 1312 2180 eum
1372 2152 1471 2181 non
1531 2134 1788 2196 prodiisse,

232 2219 498 2282 parasitum
539 2235 661 2264 vero
701 2234 902 2279 prorsus
940 2216 1136 2265 afuisse.

374 2302 497 2349 Cum
549 2301 698 2363 igitur
747 2312 990 2363 appareat
1044 2300 1367 2363 posteriorem
1414 2317 1610 2364 quoque
1650 2299 1792 2347 huius

233 2403 441 2434 scaenae
491 2385 593 2449 (III.
655 2384 697 2449 Ι)
748 2395 939 2447 partem
991 2401 1018 2431 e
1071 2383 1250 2431 Colace
1302 2385 1612 2446 desumptam
1665 2401 1789 2438 esse,

233 2481 448 2517 statuere
474 2468 587 2515 licet
614 2468 742 2515 hanc
769 2485 999 2515 scaenam
1028 2478 1181 2515 totam
1211 2485 1272 2514 ex
1299 2484 1357 2514 03
1384 2467 1549 2515 fabula
1577 2466 1786 2514 fluxisse.

379 2554 509 2599 Dum
569 2552 766 2599 Thraso
825 2551 1030 2598 Gnatho
1094 2552 1340 2598 Parmeno
1402 2561 1518 2598 ante
1583 2549 1792 2597 Thaidis

235 2639 436 2685 domum
478 2639 753 2690 versantur,
795 2634 901 2697 ipsa
939 2634 1105 2696 prodit
1145 2634 1226 2682 III.
1272 2650 1295 2680 2
1338 2644 1387 2681 et
1426 2633 1565 2680 militi
1604 2632 1793 2695 gratias

235 2720 339 2783 agit
378 2729 581 2781 propter
618 2717 865 2779 virginem
906 2727 1176 2779 acceptam.
1220 2716 1417 2764 Deinde
1458 2717 1704 2763 Parmeno
1748 2715 1791 2762 ei

386 2916 420 2962 1)
477 2913 538 2950 Cf.
569 2884 766 2950 Braunius
797 2924 835 2960 p.
869 2921 940 2959 34:
966 2911 1074 2958 „Sed
1096 2912 1199 2949 hanc
1222 2923 1398 2948 scaenae
1420 2915 1618 2958 parteme
1641 2909 1792 2948 Colace

238 2980 501 3026 desumptam
530 2982 651 3025 putes
681 2990 716 3014 e.
748 2989 786 3024 q.
817 2977 876 3014 εἶ’
