2221 3526
1191 258 1252 302 82

449 398 741 446 Terentium
787 398 835 444 in
876 398 967 444 hac
1006 413 1186 444 scaena
1223 396 1571 458 componenda
1607 406 1869 458 utramque
1898 393 2003 442 Me-

449 482 627 529 nandri
676 481 889 528 fabulam
941 480 1225 527 adhibuisse
1278 479 1425 542 idque
1465 479 1651 534 fecisse,
1693 490 1744 525 ut
1782 478 2002 540 pluribus

449 565 672 628 personis
710 562 943 611 adhibitis
981 563 1227 609 variorem
1262 563 1492 608 redderet
1520 562 1647 608 hanc
1673 561 1866 608 fabulae
1895 577 2002 623 par-

449 658 564 695 tem.
607 648 869 695 Praeterea
895 656 1058 692 autem
1088 656 1217 699 sunt,
1247 645 1330 707 qui
1358 656 1532 707 putent
1559 662 1668 692 eum
1698 662 1797 691 non
1820 644 2001 698 omnia,

449 747 574 794 quae
626 742 821 793 praeter
874 728 1150 776 Thrasonis
1203 728 1584 790 Gnathonisque
1629 728 1784 774 verba
1822 727 1871 774 in
1913 727 2004 774 hac

449 830 627 860 scaena
677 813 923 874 leguntur,
976 829 1002 859 e
1055 810 1320 858 Menandri
1373 811 1615 857 Eunucho
1655 809 2001 873 desumpsisse,

450 899 537 944 sed
576 896 813 943 nonnulla
852 897 913 943 de
953 912 1042 942 suo
1081 893 1345 942 addidisse.
1411 894 1495 940 Ad
1535 894 1595 941 V.
1627 896 1671 940 8.
1701 911 1732 953 4
1775 894 2003 940 Donatus

450 981 681 1027 adnotat:
752 979 913 1042 „Quid
953 979 1030 1025 hic
1069 977 1224 1024 laetus
1262 988 1362 1031 est;
1412 977 1623 1023 Inventa
1661 993 1874 1038 persona
1913 986 2002 1031 est,

457 1073 689 1125 „propter
715 1079 862 1125 quam
889 1072 1031 1123 gesta
1059 1060 1137 1107 hic
1165 1070 1332 1107 narrat
1360 1059 1600 1114 Chaerea,
1637 1070 1690 1106 ut
1716 1070 1765 1106 et
1792 1059 2004 1121 populus

457 1156 535 1201 „et
573 1145 712 1192 miles
750 1145 1053 1191 instruantur
1087 1155 1136 1190 et
1162 1143 1333 1197 sciant,
1363 1142 1481 1205 quid
1510 1142 1639 1188 intus
1665 1153 1860 1203 gestum
1890 1140 2002 1189 sit.’'

450 1228 727 1275 Scholiasta
773 1244 871 1274 non
912 1226 1106 1274 disertis
1145 1226 1313 1272 verbis
1352 1225 1482 1280 dicit,
1525 1225 1632 1287 quis
1671 1225 1799 1271 hanc
1838 1241 2003 1287 perso-

451 1328 564 1357 nam
616 1310 877 1365 invenerst,
931 1327 1027 1372 quo
1078 1310 1258 1357 factum
1308 1319 1397 1363 est,
1454 1319 1506 1355 ut
1558 1308 1648 1355 hac
1686 1309 1747 1355 de
1788 1325 1839 1355 re
1878 1325 1925 1354 v.
1955 1309 2002 1356 d.

450 1394 759 1442 dissentiant.
808 1394 1096 1447 GrauertuS,
1128 1391 1381 1446 Braunius‚
1414 1391 1685 1438 Nencinius
1713 1390 2002 1438 Terentium

451 1495 538 1524 suo
591 1478 753 1524 Marte
794 1477 887 1524 hoc
927 1476 1034 1523 loco
1075 1477 1437 1523 Parmenonem
1478 1474 1770 1537 produxisse
1810 1485 2003 1536 putant,

451 1561 633 1615 Ihnius,
677 1560 961 1615 Teuffelius‚
1005 1560 1160 1607 Fabia
1199 1559 1507 1606 contendunt
1542 1558 1637 1605 iam
1669 1558 2002 1605 Menandrum

448 1662 556 1691 eam
597 1661 861 1706 personam
902 1644 979 1691 hic
1017 1643 1317 1690 adhibuisse.

591 1728 762 1774 IHMUs
801 1745 848 1788 p.
894 1744 952 1773 22
995 1737 1044 1773 et
1083 1727 1240 1772 FAmA
1274 1743 1321 1787 p.
1352 1742 1414 1785 42
1452 1726 1488 1789 Ι)
1516 1725 1610 1771 hoc
1637 1724 1875 1771 scholium
1905 1742 2004 1771 non

449 1811 511 1857 ad
563 1809 872 1864 Terentium,
926 1810 1012 1856 sed
1064 1810 1126 1856 ad
1168 1809 1503 1855 Menandrum
1545 1808 1858 1854 referendum
1897 1825 2005 1854 esse

448 1904 667 1941 censent.

589 1977 872 2023 Secundum
902 1977 1232 2023 TECFFELIUM
1261 1993 1306 2037 p.
1342 1977 1436 2036 283
1467 1992 1494 2021 e
1521 1974 1817 2021 scholiastae
1839 1974 2006 2021 verbis

448 2077 547 2106 non
587 2060 712 2107 effici
751 2070 915 2121 potest
955 2060 1318 2107 Parmenonem
1361 2059 1493 2120 apud
1535 2059 1868 2105 Menandrum
1904 2075 2004 2104 non

446 2144 702 2205 prodiisse,
745 2144 858 2206 quia
897 2142 980 2190 Vix
1020 2142 1256 2190 credibile
1296 2141 1357 2189 sit
1397 2142 1689 2196 Chaeream,
1732 2158 1858 2204 quae
1905 2158 2004 2188 non

445 2228 508 2274 ad
547 2244 599 2274 se
637 2227 794 2273 solum
835 2227 1156 2289 pertinerent,
1213 2243 1300 2288 per
1340 2225 1663 2286 monologum
1708 2223 2001 2272 narravisse.

588 2311 720 2357 Iusto
777 2310 974 2371 longius
1032 2310 1346 2356 GRAUERTt‘s
1404 2326 1695 2371 progressus
1752 2320 1841 2363 est,
1895 2326 2003 2355 cum

445 2393 682 2440 scriberet
739 2411 784 2455 p.
848 2407 969 2452 172:
1028 2393 1144 2447 „Bei
1201 2393 1480 2438 Menander
1531 2392 1728 2438 mochte
1780 2391 2005 2438 Chaerea

592 2599 627 2648 1)
684 2599 819 2635 Ihnius
863 2610 901 2646 p.
943 2608 992 2635 22
1036 2599 1139 2635 haec
1184 2598 1329 2635 habet:
1376 2597 1527 2643 „Porro
1572 2598 1623 2635 ad
1667 2597 1768 2635 Eun.
1813 2598 1861 2635 V.
1906 2598 1940 2635 8.
1980 2607 2005 2644 4

443 2664 629 2700 Donatus
651 2662 858 2709 ‚,Inventa‚
888 2663 1027 2710 inquit,
1051 2674 1230 2710 persona
1254 2675 1291 2699 e.
1309 2674 1346 2710 q.
1366 2662 1424 2699 s.''
1447 2663 1595 2710 quibus
1618 2663 1754 2700 verbis
1778 2662 2003 2700 Grauertus

444 2729 632 2765 inductus
672 2734 748 2774 est,
785 2733 830 2764 ut
869 2729 1161 2775 suspicaretur,
1202 2729 1309 2775 apud
1348 2728 1620 2764 Menandrum
1659 2727 1837 2765 fortasse
1873 2728 2003 2764 solum

445 2793 675 2831 Chaeream
718 2805 811 2830 esse
856 2794 1049 2838 locutum,
1095 2794 1206 2840 quod
1237 2805 1318 2829 non
1349 2805 1453 2840 opus
1484 2792 1676 2830 refutare.
1718 2792 1774 2830 Ita
1805 2792 2002 2830 Terentio

443 2859 674 2906 adscripsit,
705 2859 815 2906 quod
843 2870 995 2908 graeco
1017 2863 1167 2906 poetae
1190 2863 1277 2895 erat
1299 2858 1602 2904 vindicandum,
1625 2858 1812 2895 Donatus
1834 2870 1868 2895 e.
1887 2869 1924 2905 q.
1943 2860 2001 2894 ss*

548 2924 674 2960 Fabia
714 2936 752 2971 p.
791 2934 863 2970 42:
904 2923 1043 2970 „Dans
1082 2923 1314 2970 l'Eunuque
1343 2924 1395 2959 de
1428 2923 1652 2960 Menandre
1684 2922 1869 2960 Chaerea
1888 2951 2001 2959 .....

443 2988 580 3026 venait
610 3000 818 3025 annoncer
846 2994 985 3025 toutes
1018 2999 1088 3025 ces
1109 2989 1270 3026 bonnes
1293 2988 1506 3024 nouvelles
1529 2988 1551 3024 a
1572 3000 1647 3024 son
1662 2988 1826 3025 esclave
1848 2999 1883 3024 e.
1901 2986 2002 3034 q.s.’'
