2221 3526
1163 260 1259 291 100

1168 386 1249 432 ΙΙΙ.

572 482 675 529 Cic.
717 482 858 528 Verr.
901 480 981 526 III.
1033 496 1071 527 1.
1115 495 1159 539 3.

571 577 739 639 Atque
779 574 858 622 ille
899 574 974 620 his
1012 573 1271 635 praesidiis
1310 571 1497 635 ingenii
1529 572 1854 634 fortunaeque
1881 588 1983 618 mu-

430 660 559 707 nitus
597 670 762 707 tamen
804 657 897 704 hac
933 673 1052 703 cura
1078 656 1440 711 continebatur,
1469 672 1615 718 quam
1642 654 1735 701 sibi
1763 655 1983 701 nondum

429 743 722 790 confirmato
779 738 1000 794 consilio,
1059 740 1147 786 sed
1206 739 1408 786 ineunte
1463 748 1626 785 aetate
1681 748 1980 799 susceperat.

430 825 542 888 Quo
568 824 728 871 minus
754 822 901 870 etiam
936 821 1228 884 perspicitur
1253 838 1423 868 eorum
1452 821 1608 867 virtus
1633 830 1683 867 et
1709 819 1982 881 integritas,

429 908 513 972 qui
551 908 614 954 ad
654 907 781 953 hanc
821 922 924 952 rem
964 903 1337 959 adulescentuli,
1378 920 1526 966 quam
1560 902 1640 965 qui
1668 902 1763 949 iam
1792 903 1985 949 firmata

427 1001 591 1039 aetate
628 988 954 1037 descendunt.

570 1073 652 1120 Sic
692 1072 830 1119 locus
868 1070 987 1118 mihi
1029 1070 1228 1117 videtur
1267 1069 1599 1117 restituendus
1635 1086 1771 1115 esse:

432 1195 589 1205 ......
619 1156 708 1203 sed
736 1154 940 1202 ineunte
967 1163 1133 1201 aetate
1159 1162 1459 1215 susceperat,
1489 1153 1622 1214 quod
1650 1152 1811 1198 minus
1836 1150 1985 1198 etiam

430 1240 698 1303 percipitur
737 1238 902 1303 (codd.
943 1237 1068 1301 opt.)
1107 1253 1276 1284 eorum
1316 1236 1472 1283 virtus
1510 1253 1551 1283 e.
1581 1253 1628 1298 q.
1656 1254 1694 1283 s,

1164 1355 1249 1401 IV.

571 1451 722 1499 Ovid.
765 1451 971 1498 Metam.
1013 1450 1121 1497 VII.
1165 1461 1262 1510 577
1303 1466 1412 1511 sqq.

643 1545 975 1593 Semianimes
1013 1561 1178 1591 errare
1218 1544 1326 1601 viis,
1366 1544 1481 1590 dum
1523 1554 1652 1590 stare
1691 1542 1943 1597 valebant,

643 1629 937 1692 Aspicere33
981 1628 1156 1675 flentes
1194 1626 1317 1674 alios
1355 1637 1586 1689 terraque
1624 1627 1856 1681 iacentes,

641 1713 895 1775 Lassaque
935 1721 1197 1758 versantes
1235 1727 1468 1772 suprema
1507 1709 1694 1756 lumina
1732 1719 1895 1763 motu;

642 1795 972 1857 Membraque
1013 1794 1278 1856 pendentis
1317 1793 1529 1840 tendunt
1566 1794 1629 1840 ad
1658 1793 1821 1840 sidera
1847 1792 1985 1847 coeli,

643 1878 758 1934 Hic,
801 1877 911 1933 illic,
954 1878 1036 1924 ubi
1077 1895 1209 1924 mors
1247 1877 1596 1939 deprenderat,
1637 1876 1944 1924 exhalantes,

573 1986 669 2033 Hic
708 1985 844 2033 locus
883 1984 1018 2032 nulla
1056 1994 1172 2046 eget
1211 1983 1418 2031 medela.

1179 2103 1240 2150 V.

574 2200 708 2247 Curt.
752 2199 882 2246 Hist.
926 2198 1074 2247 Alex,
1117 2199 1223 2245 VII.
1270 2213 1313 2258 5.
1361 2201 1420 2243 28
1461 2197 1529 2243 sic
1568 2197 1732 2259 legas:

573 2296 875 2342 Perventum
915 2305 1021 2341 erat
1061 2294 1109 2340 in
1148 2294 1269 2342 <de
1297 2294 1419 2343 ad>
1447 2292 1703 2355 parvulum
1732 2292 1985 2354 oppidum.

1239 2413 1323 2458 VI.

573 2509 748 2555 Senec.
789 2508 918 2554 Oed.
962 2523 1063 2566 424
1103 2524 1210 2569 sqq.

644 2602 768 2649 vidit
806 2613 979 2649 aurato
1020 2601 1234 2648 residere
1274 2617 1430 2655 curru,

646 2696 786 2732 veste
826 2702 935 2731 cum
976 2684 1128 2746 longa
1167 2694 1362 2746 tegeres
1401 2683 1586 2739 leones,

644 2768 806 2815 omnis
844 2768 982 2814 ane
1023 2767 1171 2830 plaga
1211 2777 1353 2813 vasta
1391 2777 1567 2814 terrae.

576 2864 701 2910 Cum
725 2881 772 2911 v.
795 2864 842 2911 d.
869 2863 1155 2909 Koetschau
1178 2880 1357 2909 censeo
1379 2880 1426 2909 v.
1450 2876 1548 2923 425
1574 2861 1842 2924 legendum
1857 2878 1987 2908 esse:

646 2958 748 3005 vite
787 2975 895 3004 cum
934 2957 1085 3020 longa
1124 2974 1323 3019 regeres
1361 2957 1544 3004 leones.
