2221 3526
1156 257 1214 303 72

413 401 562 440 „vera
612 385 778 431 audivi
829 395 970 431 taceo
1019 395 1069 431 et
1119 383 1350 430 contineo
1403 383 1639 445 optume''
1680 402 1745 432 sc,
1787 386 1959 433 altiore

413 484 663 528 „premam
702 466 913 522 silentio,
956 467 1113 529 inquit
1152 466 1471 528 hyperbolice
1512 467 1772 523 ParmenO,
1811 486 1958 530 quam

412 549 479 605 „si
519 549 566 596 in
608 548 777 596 humili
816 546 1086 616 σκαφηφόρου
1125 549 1411 595 conditione
1450 548 1592 597 si1n.''
1628 549 1663 613 Ι)

546 632 714 679 Minus
741 631 946 679 feliciter
973 650 1019 678 v.
1044 632 1090 678 d.
1122 631 1249 678 hanc
1275 632 1573 678 sententiam
1602 632 1669 679 sic
1690 633 1955 680 defendere

404 725 633 762 conatur:
693 715 871 776 „Quod
923 731 1071 776 quam
1123 731 1221 760 non
1275 724 1460 760 temere
1510 715 1845 776 excogitatum
1894 715 1956 762 sit

410 798 710 852 „ostendunt
746 796 1058 859 insequentia
1085 796 1267 843 verba:
1315 796 1430 851 „Sin
1459 796 1634 843 falsum
1664 808 1746 844 aut
1773 815 1953 845 vanum

409 889 521 935 „aut
548 880 812 934 finctumst‚
842 879 1077 926 continuo
1099 879 1338 940 palamst:
1376 879 1557 926 Plenus
1579 880 1808 926 rimarum
1831 898 1952 935 sum,

409 963 530 1018 „hac
568 973 718 1025 atque
746 962 855 1009 illac
882 961 1125 1024 perfluo,''
1155 979 1282 1024 quae
1311 962 1654 1023 metaphoram
1682 963 1744 1009 de
1770 963 1955 1024 scapha

409 1044 777 1101 ‚‚continuant.''
852 1045 966 1091 Non
1020 1062 1130 1091 cum
1182 1044 1382 1106 scapha,
1436 1046 1523 1091 sed
1569 1062 1677 1091 cum
1718 1063 1835 1092 vase
1875 1046 1953 1092 vel

401 1128 534 1175 dolio
557 1129 802 1175 Parmeno
830 1146 882 1175 se
909 1139 1190 1190 comparat;
1221 1127 1279 1175 cf.
1312 1129 1542 1175 Donatus
1568 1129 1630 1175 ad
1654 1129 1687 1176 I.
1716 1146 1757 1176 2.
1786 1145 1847 1188 24
1873 1146 1882 1175 :
1910 1142 1952 1188 7.

407 1211 704 1268 „Translata
752 1222 918 1258 autem
970 1222 1045 1258 est
1090 1211 1227 1274 quasi
1268 1211 1330 1258 ab
1369 1211 1571 1273 aquario
1610 1229 1728 1259 vase
1768 1211 1952 1259 fictili.''

543 1295 596 1341 In
636 1312 696 1341 ea
734 1312 860 1358 quae
893 1294 1113 1357 sequitur
1139 1311 1334 1349 scaena,
1366 1305 1416 1341 ut
1442 1311 1503 1340 ex
1533 1306 1731 1342 nostrae
1758 1295 1954 1342 fabulae

401 1378 457 1425 ΙΙ.
507 1394 521 1424 1
569 1388 792 1440 apparet,
835 1378 1009 1424 iterum
1051 1378 1298 1440 prodeunt
1338 1377 1580 1424 Phaedria
1613 1389 1662 1424 et
1691 1379 1950 1425 Parmeno.

400 1460 598 1507 Iuvenis
650 1478 729 1507 rus
781 1461 1085 1523 profecturus
1135 1478 1334 1507 servum
1388 1461 1521 1507 iubet
1573 1461 1849 1508 eunuchum
1889 1463 1952 1509 ad

398 1543 645 1591 Thaidem
697 1545 959 1591 deducere.
1015 1544 1282 1606 Postquam
1335 1544 1469 1599 abiit,
1525 1545 1769 1591 Parmeno
1817 1545 1954 1592 videt

394 1645 592 1674 servum
633 1627 798 1674 militis
838 1644 947 1674 cum
989 1627 1249 1689 Pamphila
1287 1638 1336 1674 et
1375 1626 1554 1674 ancilla
1593 1628 1735 1692 (347)
1773 1646 1951 1690 appro-

395 1710 734 1773 pinquantem.
790 1710 1016 1757 Vidimus
1067 1711 1199 1757 enim
1252 1710 1299 1756 in
1354 1711 1548 1757 Graeca
1586 1728 1764 1757 munus
1802 1712 1952 1758 dedu-

394 1794 581 1840 cendae
621 1793 831 1855 virginis
872 1811 970 1839 non
1000 1794 1232 1856 parasit0‚
1262 1794 1349 1840 scd
1378 1793 1585 1840 fortasse
1614 1793 1779 1841 militis
1806 1812 1952 1841 servo

394 1876 676 1938 impositum
704 1876 865 1923 fuisse.
916 1877 1040 1922 Cum
1069 1894 1241 1923 servus
1270 1876 1350 1922 ille
1380 1877 1427 1922 in
1456 1894 1687 1924 scaenam
1717 1878 1950 1932 venisset,

392 1959 498 2005 sine
549 1959 700 2006 dubio
754 1959 922 2021 paucis
972 1960 1139 2006 verbis
1191 1959 1314 2006 dixit
1365 1977 1416 2005 se
1457 1958 1624 2006 militis
1663 1961 1847 2006 donum
1888 1962 1952 2007 ad

395 2042 641 2089 Thaidem
699 2043 944 2090 deducere
1001 2053 1051 2090 et
1101 2060 1210 2089 cum
1263 2043 1575 2089 Parmenone
1627 2044 1802 2090 eodem
1851 2044 1950 2090 fere

394 2126 543 2172 modo
599 2125 868 2173 collocutus
926 2138 1015 2181 est,
1070 2143 1168 2189 quo
1221 2126 1465 2172 Parmeno
1516 2143 1625 2172 cum
1679 2127 1950 2174 Gnathone

392 2208 685 2272 colloquitur
724 2209 771 2256 in
813 2210 909 2256 fine
948 2227 1157 2256 scaenae
1199 2210 1255 2255 II.
1302 2226 1344 2257 2.

536 2293 765 2339 KOCKqu
816 2293 891 2357 (fr.
954 2293 1067 2357 194)
1120 2293 1237 2340 citat
1289 2310 1464 2339 vocem
1515 2290 1776 2360 „epiorum”
1824 2313 1950 2358 quae

392 2373 571 2437 legitur
609 2375 657 2421 in
700 2375 888 2422 Donati
927 2375 1129 2422 Scholio
1169 2376 1230 2423 ad
1272 2377 1329 2423 II.
1376 2393 1418 2423 2.
1464 2378 1543 2436 58.

534 2458 719 2505 Omnia
767 2476 893 2521 quae
944 2459 1125 2505 deinde
1179 2459 1404 2506 Chaerea
1456 2460 1512 2506 ΙΙ.
1571 2475 1597 2520 3
1653 2459 1949 2506 Parmenoni

392 2552 560 2588 narrat
610 2542 671 2588 de
724 2542 918 2604 virgine
971 2542 1019 2588 in
1072 2541 1236 2604 platea
1282 2553 1550 2604 conspecta
1588 2552 1637 2589 et
1675 2541 1948 2601 consilium,

391 2625 523 2687 quod
574 2624 760 2679 ineunt,
814 2643 843 2672 a
894 2625 1134 2672 Terentio
1186 2643 1212 2672 e
1251 2625 1416 2672 fabula
1455 2626 1650 2673 Graeca
1687 2626 1949 2688 desumpta

389 2717 519 2763 sunt,
561 2725 721 2770 neque
761 2708 1027 2771 quidquam
1068 2718 1310 2755 mutatum
1351 2726 1458 2756 esse
1498 2719 1632 2771 puto,
1675 2709 1787 2771 quia
1828 2709 1949 2756 haec

539 2906 574 2957 Ι)
616 2907 824 2945 Kockius:
856 2907 974 2958 „(7.0t't.)
1004 2909 1265 2959 συστομώτερὸν
1295 2923 1332 2944 σε
1362 2912 1491 2946 ποιήσω
1513 2909 1674 2958 σκάφης.”
1703 2908 1947 2946 ΝΕῙῚΕἰΠὶΠΞΖ

389 2987 457 3021 ,Nus
486 2972 673 3013 ποιήσεις.”
