2221 3526
872 257 933 302 79

131 389 357 442 „fratrem
382 404 487 434 cum
518 387 661 436 dicat.
692 384 936 444 significet
964 384 1279 430 Chremetem
1309 385 1675 435 advenientem,

132 472 384 527 „Chaerea
423 469 574 516 oculis
613 469 674 515 ad
714 467 1065 513 advenientem
1109 483 1206 512 non
1248 468 1502 513 conversis
1541 467 1679 514 intel-

132 554 294 614 ..legat
335 552 644 599 Phaedriam.
690 551 800 596 Hoc
840 567 947 595 cum
987 549 1253 595 scholiasta
1292 550 1490 612 quidam
1522 550 1680 596 minus

132 635 482 699 „perspexerit‚
541 634 688 680 etiam
749 633 995 679 Thaidem
1052 632 1343 679 Phaedriam
1402 633 1679 693 significare

131 730 292 774 „ratus
331 718 618 766 adnotavit:
668 733 856 778 „neque
897 716 1002 777 ipsa
1041 732 1083 762 e.
1107 733 1153 778 q.
1177 714 1250 761 s.'‘
1294 716 1432 778 Quae
1473 732 1580 762 cum
1616 716 1681 762 ita

131 803 272 857 „sint,
314 802 436 848 haec
478 801 630 847 verba
667 800 803 846 nihili
832 800 1140 846 aestimanda
1168 798 1480 861 delendaque
1508 797 1678 860 put0.’'

127 886 266 933 Haec
319 902 417 931 non
471 900 589 930 vera
639 894 769 935 sunt,
823 883 936 944 quia
987 882 1034 928 in
1088 881 1170 927 illo
1209 881 1396 927 scholio
1438 881 1681 928 Phaedria

126 985 327 1030 prorsus
367 984 465 1013 non
507 966 803 1021 nominatur,
845 966 932 1011 sed
973 964 1178 1024 legitur:
1227 962 1537 1026 „Pythiam”

270 1051 445 1113 Neque
487 1049 701 1097 Braunio
740 1048 983 1095 assentior
1024 1048 1315 1095 Terentium
1357 1048 1487 1094 hunc
1519 1046 1680 1093 locum

127 1146 356 1182 mutasse.
418 1134 684 1195 Postquam
744 1150 790 1178 v.
826 1133 872 1178 d.
926 1131 1278 1178 animadvertit
1336 1129 1518 1177 nullam
1574 1147 1682 1177 esse

127 1234 340 1271 causam,
394 1234 478 1263 cur
537 1216 694 1262 Thais
745 1216 945 1261 domum
999 1214 1148 1260 intret
1200 1230 1290 1260 nec
1342 1213 1580 1261 nutricem
1634 1213 1680 1259 in

126 1317 305 1348 scaena
356 1310 627 1361 exspectet,
670 1314 830 1360 neque
871 1296 969 1344 ulla
1009 1297 1199 1344 ratione
1239 1295 1484 1358 probabili
1525 1296 1682 1343 Chae-

127 1401 259 1431 ream
312 1383 488 1430 adduci
541 1398 700 1444 posse‚
755 1391 805 1427 ut
858 1380 1153 1427 Phaedriam
1204 1380 1405 1426 fratrem
1445 1379 1683 1426 advenire

125 1467 373 1513 existimet
423 1466 559 1529 (vide
611 1465 794 1527 supra),
843 1464 964 1510 haec
1003 1463 1231 1524 adlegat:
1280 1462 1511 1525 „Iamque
1551 1462 1681 1516 vide,

133 1567 308 1613 „quam
361 1566 461 1595 non
515 1548 815 1595 cohaereant
867 1564 991 1610 quae
1043 1563 1251 1592 scaenae
1303 1545 1477 1593 tertiae
1517 1545 1685 1592 insunt

133 1633 317 1689 „verba
351 1648 526 1686 „move
554 1642 602 1678 te
629 1648 717 1677 oro
743 1648 784 1677 e.
815 1648 857 1692 q.
877 1648 914 1677 s.
943 1647 1094 1692 usque
1116 1630 1179 1676 ad
1208 1639 1493 1691 „exspectat
1514 1627 1681 1675 domi''

133 1716 229 1781 ,‚(v.
275 1715 428 1779 2-8)
470 1731 630 1777 neque
659 1731 766 1760 cum
796 1714 852 1760 iis
879 1730 1006 1776 quae
1040 1714 1342 1760 antecedunt
1369 1729 1531 1774 neque
1559 1729 1684 1774 quae

133 1809 432 1862 „sequuntur
479 1797 684 1859 Pythiae
724 1796 905 1843 verbis.
949 1797 1002 1843 Id
1042 1796 1256 1858 denique
1297 1812 1493 1851 moneo,
1535 1812 1682 1857 quam

134 1881 365 1937 „ridicule
393 1881 633 1927 Chremes
660 1880 976 1942 Sophronam
1006 1896 1093 1942 per
1120 1896 1350 1927 scaenam
1378 1889 1496 1941 agat
1517 1895 1684 1941 quam-

134 1983 257 2029 „que
297 1966 463 2027 inepte
502 1964 685 2011 dictum
724 1964 786 2010 sit
825 1963 943 2010 illud
983 1963 1184 2010 nutricis
1224 1961 1466 2019 „moveo”
1493 2000 1683 2010 ......

134 2050 236 2106 „Ita
286 2049 433 2111 igitur
479 2065 556 2094 res
594 2058 703 2094 acta
741 2057 830 2100 est,
873 2056 924 2093 ut
963 2056 1076 2108 post
1116 2046 1324 2108 Pythiae
1364 2045 1519 2092 verba
1557 2062 1685 2108 quae

133 2143 276 2188 „sunt
321 2148 511 2194 „apage
551 2129 631 2178 te'’
674 2130 756 2194 (V.
791 2147 832 2177 2.
866 2130 966 2194 65),
1009 2147 1117 2177 cum
1159 2129 1384 2176 Chaerea
1430 2129 1685 2191 Thaisque

133 2217 209 2272 „in
261 2232 440 2263 scaena
491 2225 674 2268 essent,
729 2214 970 2260 Chremes
1021 2213 1283 2260 adveniret
1335 2229 1443 2259 cum
1497 2213 1684 2259 nutrice

133 2299 375 2361 „satisque
430 2298 582 2359 longa
633 2297 857 2344 oratione
911 2296 959 2343 in
1008 2296 1114 2358 ipsa
1153 2313 1302 2343 scena
1341 2297 1402 2342 de
1442 2295 1597 2356 signis
1636 2307 1687 2342 et

133 2382 415 2444 „agnitione
455 2380 649 2443 puellae
684 2380 847 2427 nutrix
875 2390 1062 2441 ageret,
1092 2380 1322 2426 omnibus
1349 2379 1529 2426 deinde
1558 2378 1685 2425 illus—

132 2466 301 2521 „tratis
351 2482 457 2512 cum
511 2464 738 2512 Chaerea
788 2474 838 2511 et
890 2463 1086 2510 Thaide
1138 2464 1340 2510 domum
1388 2462 1594 2509 intraret
1634 2472 1686 2509 ut

132 2549 308 2604 „etiam
350 2547 609 2610 Pamphila
648 2547 807 2594 civem
837 2563 888 2593 se
915 2563 1023 2593 esse
1051 2546 1230 2593 certior
1258 2546 1412 2600 fieret,
1443 2544 1684 2608 relinque-

132 2642 294 2687 „retur
320 2631 425 2678 sola
453 2629 703 2693 Pythias.'''
736 2631 910 2693 Neque
933 2630 1081 2677 video
1103 2647 1202 2692 quo
1223 2629 1325 2676 iure
1348 2647 1394 2676 v.
1419 2630 1466 2677 d.
1497 2638 1683 2690 poscat,

125 2727 178 2763 ut
216 2715 496 2762 Chremetis
536 2714 850 2761 advenientis
890 2713 1045 2760 verba
1084 2730 1192 2759 cum
1235 2713 1442 2775 Pythiae
1482 2728 1684 2773 exspec-

124 2799 276 2846 tantis
326 2797 481 2844 verba
531 2797 830 2844 cohaereant
883 2813 1045 2858 neque
1098 2795 1146 2841 in
1194 2795 1287 2841 hoc
1327 2805 1474 2857 poeta
1516 2805 1686 2842 noster

126 2882 243 2928 mihi
265 2881 462 2927 videtur
488 2880 809 2933 accusandtis,
840 2880 973 2941 quod
1002 2877 1205 2925 ridicula
1231 2878 1498 2939 scripserit.
1530 2878 1686 2923 Porro

127 2964 367 3011 Braunius
399 2963 547 3009 etiam
578 2966 677 3022 894
706 2980 813 3025 sqq.
846 2962 1086 3008 Terentio
1116 2961 1331 3007 tribuere
1359 2961 1543 3015 debuit,
1573 2961 1687 3024 quia
