2221 3526
984 256 1047 298 43

240 380 407 427 bulum
474 378 648 441 „pars”
707 380 851 426 etiam
911 379 1025 425 alibi
1084 379 1214 439 apud
1275 380 1525 425 Donatum
1585 379 1789 438 legatur.

385 464 613 510 Donatus
650 462 843 523 scripsit
882 462 945 508 ad
987 461 1121 507 And.
1164 462 1219 506 II.
1274 477 1308 507 1.
1361 478 1410 507 1:
1459 462 1539 516 „In
1578 462 1669 508 hoc
1697 463 1790 508 col-

239 546 404 609 loquio
460 545 614 592 altera
673 562 786 606 pars
832 544 1108 590 ostenditur
1153 543 1345 590 fabulae
1391 562 1432 590 e.
1463 562 1509 606 q.
1547 544 1618 590 s.''
1683 546 1792 591 Iloc

239 629 346 675 loco
392 627 574 679 ..altera
615 626 760 689 pars''
804 644 977 674 revera
1017 627 1212 673 videtur
1251 644 1358 673 esse
1400 627 1623 673 Terentii
1657 628 1790 673 addi-

238 723 538 764 tamentu1n;
571 711 606 774 1)
648 721 842 773 praeter
884 709 1193 772 Pamphilum
1228 710 1356 756 enim
1390 710 1654 756 Terentius
1683 727 1791 771 pro-

236 795 375 841 duxit
427 794 695 840 Charinum
749 793 1132 847 adulescentem,
1187 793 1302 855 quia
1355 793 1401 839 in
1456 793 1560 839 eius
1599 792 1790 848 fabulis,

236 895 332 924 una
363 878 563 939 Hecyra
590 888 785 939 exepta,
815 893 1011 938 semper
1038 876 1135 922 duo
1164 875 1505 922 adulescentes
1528 876 1789 937 prodeunt.

378 961 475 1008 Ad.
531 961 628 1015 Ad.
688 960 811 1022 prol.
862 976 907 1019 9.
951 959 1072 1006 haec
1119 959 1295 1007 habet:
1345 959 1591 1021 „Inprima
1628 958 1792 1005 fabula

235 1061 325 1105 pro
364 1044 410 1090 in
452 1044 611 1105 prima
652 1054 790 1105 parte
830 1041 1114 1106 (fabulae).''

376 1127 458 1174 Ad
510 1128 727 1174 eiusdem
781 1125 975 1173 fabulae
1016 1126 1048 1172 I.
1100 1142 1138 1173 1.
1189 1142 1203 1171 1
1252 1126 1322 1189 (2)
1369 1125 1586 1186 „primae
1626 1135 1791 1187 partes

233 1210 309 1273 (cf.
346 1210 469 1272 prol.
536 1211 617 1273 23)
663 1228 691 1257 a
736 1210 936 1256 senibus
976 1208 1241 1270 aguntur,''
1284 1209 1311 1255 i.
1353 1226 1393 1255 e.
1437 1209 1562 1255 duae
1602 1208 1791 1270 priores

232 1311 441 1341 scaenae
496 1295 549 1358 (I.
600 1310 614 1340 1
663 1305 711 1341 et
755 1294 817 1357 2).
872 1294 924 1339 In
981 1303 1150 1339 nostro
1202 1286 1350 1354 igitur
1401 1291 1589 1338 scholio
1636 1293 1790 1347 „duae

234 1376 432 1438 partes'’
486 1395 593 1424 esse
646 1388 853 1439 possunt
904 1377 1030 1423 duae
1081 1393 1307 1430 scaenae,
1362 1392 1488 1438 quae
1540 1375 1791 1437 pertinent

230 1461 293 1507 ad
345 1460 571 1522 iurgium,
627 1461 711 1507 IV.
757 1477 771 1507 1
831 1471 879 1506 et
924 1473 964 1519 7.
1009 1459 1101 1518 (Cf.
1134 1460 1260 1506 Eun.
1305 1459 1461 1506 Praei.
1493 1459 1732 1506 Wessner
1754 1459 1787 1506 I.

231 1560 277 1604 p.
314 1547 439 1603 269:
482 1545 564 1599 „In
606 1555 782 1606 quarto
822 1554 931 1590 actu
975 1543 1156 1589 Dorias
1198 1542 1392 1589 nuntiat
1419 1542 1627 1603 iurgium
1663 1542 1790 1588 inter

231 1626 434 1673 militem
474 1638 523 1674 et
564 1626 845 1674 Thaidem’'
887 1637 937 1674 et
978 1627 1111 1674 Don.
1140 1627 1203 1673 ad
1232 1626 1318 1673 IV.
1350 1630 1394 1672 6.
1434 1642 1484 1671 1:
1533 1642 1734 1681 „recens
1761 1642 1789 1672 a

229 1708 458 1773 litigi0.”)

374 1793 572 1839 Deinde
623 1792 930 1854 inspicienda
969 1802 1082 1839 sunt
1123 1793 1375 1853 Excerpta
1413 1792 1474 1838 de
1514 1790 1785 1837 comoedia.

230 1875 283 1921 In
335 1876 553 1922 editione
607 1876 861 1922 Wessneri
914 1876 967 1939 (I.
1017 1894 1063 1938 p.
1110 1876 1192 1939 27)
1232 1875 1438 1937 legitur:
1488 1874 1789 1929 „Comoedia

236 1970 427 2015 „autem
451 1959 687 2006 dividitur
708 1959 754 2005 in
779 1969 1011 2022 quattuor
1033 1970 1226 2021 partes:
1261 1958 1540 2020 prologum,
1571 1954 1786 2025 πρότασιν,

229 2040 429 2099 ἐπίτασιν,
458 2041 803 2109 καταστρῡςοῆν.”
831 2042 979 2088 Hanc
1006 2041 1302 2088 divisionem
1334 2042 1564 2088 Donatus
1591 2057 1789 2102 quoque

230 2125 452 2171 nominat
486 2124 533 2171 in
563 2125 951 2187 praefationibus
979 2125 1073 2189 (Cf.
1104 2124 1257 2187 praef.
1288 2125 1421 2171 And.
1452 2125 1578 2171 Eun.
1619 2124 1786 2171 Wess-

230 2225 317 2254 ner
368 2226 414 2270 p.
471 2223 551 2268 35,
597 2208 714 2272 265)
755 2219 803 2255 et
842 2208 890 2254 in
931 2208 1130 2255 scholiis
1169 2208 1246 2272 (cf.
1288 2208 1351 2254 ad
1392 2208 1518 2255 Eun.
1562 2209 1596 2255 I.
1646 2224 1684 2254 1.
1735 2223 1785 2253 1:

229 2290 276 2337 in
319 2291 410 2337 hac
450 2287 645 2358 προτάσει
684 2310 725 2339 e.
768 2310 815 2354 q.
856 2290 967 2355 S.’').
1012 2292 1155 2338 Tunc
1195 2291 1344 2353 igitur
1389 2292 1545 2346 „duae
1585 2289 1784 2352 partes'’

228 2384 369 2420 sunt:
410 2372 609 2429 ἐπίτισις,
646 2374 887 2421 involutio
915 2374 1211 2436 argumenti,
1241 2385 1290 2421 et
1316 2372 1605 2441 καταστροφή,
1634 2372 1785 2435 expli—

229 2456 356 2503 catio
406 2457 685 2518 argumenti
737 2458 997 2521 (NVess-ner
1048 2475 1094 2519 p.
1154 2472 1213 2516 27
1267 2457 1391 2521 sq.);
1445 2457 1520 2503 his
1565 2456 1787 2518 partibus

229 2539 437 2601 iurgium
466 2550 514 2586 et
542 2557 666 2602 quae
696 2541 809 2587 inde
838 2551 1109 2603 sequuntur
1137 2541 1469 2588 continentur.
1502 2541 1640 2587 Haec
1668 2540 1784 2586 mihi

229 2622 354 2669 iusta
393 2622 533 2669 huius
571 2623 743 2670 scholii
783 2624 1125 2685 interpretatio
1166 2624 1375 2672 videtur.

372 2706 518 2768 Quod
563 2723 684 2752 vero
726 2707 955 2753 Donatus
995 2707 1122 2753 hanc
1161 2707 1502 2753 oeconomiam
1545 2705 1785 2752 Terentio

228 2788 503 2849 adscripsit,
534 2789 737 2835 omnino
766 2807 864 2836 non
893 2800 968 2837 est
996 2790 1272 2837 mirandum
1296 2809 1303 2845 3
1347 2790 1439 2836 hoc
1466 2789 1596 2836 enim
1624 2789 1784 2835 facere

376 2968 410 3015 1)
467 2967 528 3005 Cf.
559 2966 755 3015 Sipkema
784 2980 823 3016 p.
856 2969 901 3007 81
935 2981 1025 3018 sqq.
