2221 3526
1191 269 1253 327 36

444 408 654 472 primum
694 409 808 471 quia
847 425 946 455 non
986 408 1140 470 possit
1178 407 1429 469 explicari,
1471 425 1555 454 cur
1594 408 1860 455 Terentius
1886 424 1998 454 eum

445 493 683 539 iuniorem
729 491 923 546 fecerit;
971 501 1073 537 tum
1114 491 1228 552 quia
1268 490 1578 552 Pamphilam
1618 491 1826 553 primam
1867 508 1998 537 ama-

445 575 574 621 visse
614 575 827 629 dicatur;
870 591 1018 635 porro
1057 573 1171 635 quia
1198 572 1488 620 adulescens
1514 574 1727 620 sedecim
1756 590 1999 620 annorum

444 657 630 705 facilius
681 674 771 718 pro
822 656 1048 702 eunucho
1101 656 1272 702 haberi
1312 656 1552 717 potuerit;
1595 667 1847 718 postremo
1886 656 2001 719 quia

445 741 714 787 secundum
774 740 1030 786 Donatum
1086 739 1149 786 ad
1189 739 1246 786 Π.
1293 755 1335 786 2.
1381 742 1440 799 58
1495 740 1626 801 apud
1666 740 1999 786 Menandrum

445 821 644 887 τρόφιμος
680 821 958 884 appellatus
994 821 1097 868 fuit.

592 906 659 952 Ut
709 922 738 951 a
788 905 947 966 primo
996 915 1292 966 argumento
1331 904 1578 966 incipiam,
1622 904 1894 951 Nencinius
1932 904 2002 950 ni-

447 989 596 1036 mium
648 987 818 1034 tribuit
869 987 954 1041 rei,
1008 1004 1135 1049 quae
1174 986 1374 1034 levioris
1413 987 1652 1034 momenti
1693 987 2002 1034 aestimanda

447 1082 536 1119 est.
595 1072 648 1117 In
698 1070 954 1133 permultis
1003 1069 1179 1116 fabulis
1219 1069 1341 1116 tales
1380 1070 1750 1117 controversiae
1791 1070 2002 1116 inveniri

447 1164 654 1217 possunt
704 1153 798 1217 (Cf.
854 1154 1124 1214 Langenus
1176 1152 1331 1200 Plaut.
1402 1152 1542 1199 Stud.
1596 1170 1643 1214 p.
1699 1156 1763 1212 89
1816 1153 1909 1217 sq.)
1954 1162 2003 1199 et

449 1237 739 1284 Terentium
804 1236 1134 1298 incogitantes
1196 1236 1275 1283 vel
1339 1237 1481 1283 metri
1545 1253 1691 1283 causa
1752 1236 2003 1298 scripsisse

447 1321 677 1375 sedecim,
730 1321 863 1383 quod
913 1320 1062 1367 etiam
1102 1319 1281 1382 legitur
1318 1337 1416 1366 vss.
1461 1322 1576 1380 318,
1622 1323 1736 1380 526,
1778 1336 1877 1366 non
1918 1319 2002 1365 im-

449 1404 624 1450 merito
663 1404 821 1450 FAmA
859 1404 1081 1451 credidit.
1123 1404 1159 1467 1)

593 1487 634 1532 E
673 1504 771 1534 VSS.
818 1503 932 1546 299,
976 1489 1074 1547 308
1118 1486 1243 1533 effici
1282 1497 1446 1548 potest
1480 1486 1757 1533 Chaeream
1785 1485 1833 1531 in
1863 1485 2003 1532 Pam-

450 1569 585 1632 phila
622 1570 823 1617 amandi
863 1569 1054 1617 initium
1094 1569 1280 1623 fecisse,
1322 1570 1409 1615 sed
1448 1587 1495 1616 v.
1541 1572 1638 1628 296
1679 1585 1731 1614 se
1760 1568 1856 1615 iam
1884 1567 2005 1615 alias

449 1653 678 1700 mulieres
728 1653 776 1699 in
830 1653 996 1699 animo
1049 1652 1280 1699 habuisse
1332 1652 1516 1699 indicat
1565 1664 1616 1699 et
1665 1670 1713 1699 v.
1759 1655 1855 1712 566
1903 1668 2004 1697 non

449 1736 684 1783 convenit
735 1735 1039 1783 adulescenti
1089 1736 1303 1782 sedecim
1355 1752 1598 1782 annorum
1649 1745 1699 1781 et
1749 1734 1798 1781 in
1837 1750 2005 1781 amore

451 1820 672 1875 novicio;
715 1836 805 1866 nec
844 1819 950 1866 veri
983 1818 1140 1866 simile
1166 1829 1242 1866 est
1269 1819 1583 1866 innocentem
1612 1835 1774 1881 paene
1800 1834 2005 1880 puerum

450 1904 614 1950 statim
665 1920 725 1949 eo
777 1902 1054 1965 pervenire,
1109 1913 1160 1948 ut
1211 1902 1351 1949 vitiet
1401 1902 1647 1963 virginem
1699 1901 1906 1948 invitam
1958 1910 2007 1947 et

452 1987 790 2034 reluctantem.
851 1987 1118 2047 Perperam
1159 1996 1323 2032 autem
1366 1986 1637 2032 Nencinius
1676 1985 1857 2032 iudicat
1890 1985 2005 2031 adu-

451 2070 719 2117 lescentem
758 2069 973 2116 sedecim
1014 2086 1258 2115 annorum
1298 2068 1484 2116 facilius
1523 2086 1613 2131 pro
1652 2068 1895 2123 eunucho,
1925 2068 2007 2130 qui

452 2152 740 2215 plerumque
781 2162 945 2199 aetate
984 2162 1058 2199 est
1098 2151 1265 2199 adulta
1303 2162 1352 2198 et
1379 2169 1586 2214 corpore
1614 2151 1869 2214 ampliore,
1898 2169 2007 2214 pro-

452 2236 558 2283 bari
585 2253 732 2298 quam
760 2236 841 2298 qui
870 2235 1058 2298 aliquot
1084 2235 1228 2282 annis
1256 2235 1412 2282 maior
1439 2235 1525 2289 sit;
1557 2235 1651 2282 hoc
1679 2252 1778 2281 non
1801 2245 2009 2297 apparet

452 2337 479 2366 e
527 2319 852 2366 Parmenonis
898 2319 1065 2365 verbis
1110 2336 1157 2365 v.
1208 2332 1323 2379 375,
1366 2329 1415 2366 et
1462 2319 1628 2364 Dorus
1666 2319 1920 2365 eunuchus
1958 2336 2006 2365 v.

456 2405 555 2449 608
609 2419 637 2449 a
688 2402 867 2464 Pythia
916 2401 1220 2464 appellatur:
1293 2402 1482 2456 „vietus
1528 2412 1672 2448 vetus
1716 2412 2010 2449 veternosus

454 2485 658 2533 senex.''

597 2569 854 2615 Postremo
883 2567 1155 2614 Nencinius
1180 2584 1207 2613 e
1235 2566 1422 2613 scholio
1452 2568 1639 2614 Donati
1668 2569 1730 2615 ad
1758 2568 1815 2615 II.
1844 2585 1885 2615 2.
1918 2571 2007 2628 58;

604 2804 638 2855 1)
697 2803 758 2841 Cf.
816 2803 942 2841 Fabia
972 2815 1011 2851 p.
1049 2813 1116 2850 14:
1149 2802 1291 2850 „C’est
1321 2815 1416 2841 sans
1436 2803 1563 2840 doute
1585 2815 1690 2851 pour
1706 2803 1742 2840 la
1761 2804 2010 2841 commodite

457 2869 508 2907 de
551 2870 588 2907 la
633 2869 911 2907 versification
954 2880 1035 2916 que
1079 2868 1269 2905 Terence
1309 2881 1331 2905 a
1369 2869 1444 2905 mis
1484 2869 1720 2915 „sedecim”
1760 2881 1811 2906 au
1849 2869 1928 2906 lieu
1958 2869 2009 2906 de

458 2934 807 2983 „duodeviginti,”
846 2935 868 2970 a
898 2934 1030 2971 moins
1060 2932 1156 2981 qu'il
1186 2933 1251 2982 n'y
1282 2934 1336 2970 ait
1366 2935 1402 2970 151
1433 2946 1513 2970 une
1543 2934 1687 2982 simple
1718 2934 2010 2971 inadvertance

457 3001 508 3037 de
539 3012 583 3036 sa
613 3000 744 3048 part.''
1478 3005 1480 3007 '
