<?xml version="1.0" encoding="UTF-8"?>
<!DOCTYPE html PUBLIC "-//W3C//DTD XHTML 1.0 Transitional//EN"
    "http://www.w3.org/TR/xhtml1/DTD/xhtml1-transitional.dtd">
<html xmlns="http://www.w3.org/1999/xhtml" xml:lang="en" lang="en">
 <head>
  <title>
</title>
<meta http-equiv="Content-Type" content="text/html;charset=utf-8" />
  <meta name='ocr-system' content='tesseract 3.04.00' />
  <meta name='ocr-capabilities' content='ocr_page ocr_carea ocr_par ocr_line ocrx_word'/>
</head>
<body>
  <div class='ocr_page' id='page_1' title='image "./deeunuchiterenti00oudeuoft_0097.png"; bbox 0 0 2221 3526; ppageno 0'>
   <div class='ocr_carea' id='block_1_1' title="bbox 831 268 892 325">
    <p class='ocr_par' dir='ltr' id='par_1_1' title="bbox 831 268 892 325">
     <span class='ocr_line' id='line_1_1' title="bbox 831 268 892 325; baseline 0 0"><span class='ocrx_word' id='word_1_1' title='bbox 831 268 892 325; x_wconf 63' lang='lat'>83</span> 
     </span>
    </p>
   </div>
   <div class='ocr_carea' id='block_1_2' title="bbox 32 405 1649 2876">
    <p class='ocr_par' dir='ltr' id='par_1_2' title="bbox 32 405 1641 1133">
     <span class='ocr_line' id='line_1_2' title="bbox 87 405 1639 465; baseline -0.001 -11"><span class='ocrx_word' id='word_1_2' title='bbox 87 408 190 455; x_wconf 84' lang='lat' dir='ltr'>sein</span> <span class='ocrx_word' id='word_1_3' title='bbox 232 408 392 454; x_wconf 79' lang='lat' dir='ltr'>Gluck</span> <span class='ocrx_word' id='word_1_4' title='bbox 434 408 494 453; x_wconf 87' lang='lat' dir='ltr'>im</span> <span class='ocrx_word' id='word_1_5' title='bbox 540 406 783 465; x_wconf 64' lang='lat' dir='ltr'>Monolog</span> <span class='ocrx_word' id='word_1_6' title='bbox 823 406 1132 456; x_wconf 70' lang='lat' dir='ltr'>verkmulen,</span> <span class='ocrx_word' id='word_1_7' title='bbox 1177 406 1277 451; x_wconf 86' lang='lat' dir='ltr'>und</span> <span class='ocrx_word' id='word_1_8' title='bbox 1318 405 1419 451; x_wconf 83' lang='lat' dir='ltr'>sein</span> <span class='ocrx_word' id='word_1_9' title='bbox 1453 406 1639 453; x_wconf 82' lang='lat' dir='ltr'>Bruder</span> 
     </span>
     <span class='ocr_line' id='line_1_3' title="bbox 89 488 1638 549; baseline -0.003 -11"><span class='ocrx_word' id='word_1_10' title='bbox 89 491 330 538; x_wconf 77' lang='lat' dir='ltr'>Phaedria</span> <span class='ocrx_word' id='word_1_11' title='bbox 387 491 519 536; x_wconf 84' lang='lat' dir='ltr'>dann</span> <span class='ocrx_word' id='word_1_12' title='bbox 581 489 963 534; x_wconf 77' lang='lat' dir='ltr'>hinzukommen</span> <span class='ocrx_word' id='word_1_13' title='bbox 1024 488 1124 533; x_wconf 92' lang='lat' dir='ltr'>und</span> <span class='ocrx_word' id='word_1_14' title='bbox 1182 505 1280 533; x_wconf 85' lang='lat' dir='ltr'>von</span> <span class='ocrx_word' id='word_1_15' title='bbox 1332 488 1501 549; x_wconf 87' lang='lat' dir='ltr'>jenem</span> <span class='ocrx_word' id='word_1_16' title='bbox 1559 489 1638 534; x_wconf 84' lang='lat' dir='ltr'>die</span> 
     </span>
     <span class='ocr_line' id='line_1_4' title="bbox 32 569 1637 631; baseline -0.002 -11"><span class='ocrx_word' id='word_1_17' title='bbox 32 586 34 589; x_wconf 82' lang='grc'><em>·</em></span> <span class='ocrx_word' id='word_1_18' title='bbox 90 573 358 620; x_wconf 88' lang='lat' dir='ltr'>Nachricht</span> <span class='ocrx_word' id='word_1_19' title='bbox 409 572 570 618; x_wconf 85' lang='lat' dir='ltr'>seines</span> <span class='ocrx_word' id='word_1_20' title='bbox 602 571 871 631; x_wconf 65' lang='lat' dir='ltr'>gunstigen</span> <span class='ocrx_word' id='word_1_21' title='bbox 901 569 1183 616; x_wconf 85' lang='lat' dir='ltr'>Schicksals</span> <span class='ocrx_word' id='word_1_22' title='bbox 1210 569 1463 616; x_wconf 87' lang='lat' dir='ltr'>erhalten:</span> <span class='ocrx_word' id='word_1_23' title='bbox 1505 571 1637 616; x_wconf 87' lang='lat' dir='ltr'>denn</span> 
     </span>
     <span class='ocr_line' id='line_1_5' title="bbox 85 653 1641 703; baseline -0.002 0"><span class='ocrx_word' id='word_1_24' title='bbox 85 657 163 703; x_wconf 91' lang='lat' dir='ltr'>bei</span> <span class='ocrx_word' id='word_1_25' title='bbox 203 657 299 702; x_wconf 85' lang='lat' dir='ltr'>den</span> <span class='ocrx_word' id='word_1_26' title='bbox 339 655 471 702; x_wconf 89' lang='lat' dir='ltr'>alten</span> <span class='ocrx_word' id='word_1_27' title='bbox 516 654 793 701; x_wconf 82' lang='lat' dir='ltr'>Komikern</span> <span class='ocrx_word' id='word_1_28' title='bbox 834 653 1060 700; x_wconf 86' lang='lat' dir='ltr'>schliesst</span> <span class='ocrx_word' id='word_1_29' title='bbox 1098 654 1187 700; x_wconf 86' lang='lat' dir='ltr'>das</span> <span class='ocrx_word' id='word_1_30' title='bbox 1230 654 1417 699; x_wconf 87' lang='lat' dir='ltr'>Drama</span> <span class='ocrx_word' id='word_1_31' title='bbox 1456 653 1525 699; x_wconf 89' lang='lat' dir='ltr'>oft</span> <span class='ocrx_word' id='word_1_32' title='bbox 1553 653 1641 700; x_wconf 88' lang='lat' dir='ltr'>mit</span> 
     </span>
     <span class='ocr_line' id='line_1_6' title="bbox 85 736 1640 798; baseline -0.002 -13"><span class='ocrx_word' id='word_1_33' title='bbox 85 740 197 786; x_wconf 87' lang='lat' dir='ltr'>dem</span> <span class='ocrx_word' id='word_1_34' title='bbox 253 737 437 798; x_wconf 70' lang='lat' dir='ltr'>Dialog</span> <span class='ocrx_word' id='word_1_35' title='bbox 485 737 600 783; x_wconf 89' lang='lat' dir='ltr'>sehr</span> <span class='ocrx_word' id='word_1_36' title='bbox 650 737 870 797; x_wconf 69' lang='lat' dir='ltr'>weniger</span> <span class='ocrx_word' id='word_1_37' title='bbox 922 737 1190 790; x_wconf 86' lang='lat' dir='ltr'>Personen,</span> <span class='ocrx_word' id='word_1_38' title='bbox 1243 737 1343 782; x_wconf 91' lang='lat' dir='ltr'>und</span> <span class='ocrx_word' id='word_1_39' title='bbox 1388 752 1440 782; x_wconf 83' lang='lat' dir='ltr'>es</span> <span class='ocrx_word' id='word_1_40' title='bbox 1478 736 1540 783; x_wconf 88' lang='lat' dir='ltr'>ist</span> <span class='ocrx_word' id='word_1_41' title='bbox 1577 737 1640 782; x_wconf 90' lang='lat' dir='ltr'>da</span> 
     </span>
     <span class='ocr_line' id='line_1_7' title="bbox 87 819 1641 880; baseline -0.003 -12"><span class='ocrx_word' id='word_1_42' title='bbox 87 822 237 875; x_wconf 88' lang='lat' dir='ltr'>nicht,</span> <span class='ocrx_word' id='word_1_43' title='bbox 290 821 381 868; x_wconf 88' lang='lat' dir='ltr'>wie</span> <span class='ocrx_word' id='word_1_44' title='bbox 427 820 814 880; x_wconf 66' lang='lat' dir='ltr'>durchgehends</span> <span class='ocrx_word' id='word_1_45' title='bbox 852 820 931 866; x_wconf 90' lang='lat' dir='ltr'>bei</span> <span class='ocrx_word' id='word_1_46' title='bbox 970 821 1066 867; x_wconf 94' lang='lat' dir='ltr'>den</span> <span class='ocrx_word' id='word_1_47' title='bbox 1110 821 1358 873; x_wconf 85' lang='lat' dir='ltr'>Neueren‚</span> <span class='ocrx_word' id='word_1_48' title='bbox 1400 819 1478 866; x_wconf 86' lang='lat' dir='ltr'>die</span> <span class='ocrx_word' id='word_1_49' title='bbox 1520 819 1641 865; x_wconf 88' lang='lat' dir='ltr'>Ver-</span> 
     </span>
     <span class='ocr_line' id='line_1_8' title="bbox 85 902 1641 964; baseline -0.002 -13"><span class='ocrx_word' id='word_1_50' title='bbox 85 904 368 964; x_wconf 64' lang='lat' dir='ltr'>sammlung·</span> <span class='ocrx_word' id='word_1_51' title='bbox 405 905 492 951; x_wconf 90' lang='lat' dir='ltr'>der</span> <span class='ocrx_word' id='word_1_52' title='bbox 533 904 739 950; x_wconf 83' lang='lat' dir='ltr'>meisten</span> <span class='ocrx_word' id='word_1_53' title='bbox 783 904 1033 950; x_wconf 84' lang='lat' dir='ltr'>Personen</span> <span class='ocrx_word' id='word_1_54' title='bbox 1074 920 1180 949; x_wconf 84' lang='lat' dir='ltr'>zum</span> <span class='ocrx_word' id='word_1_55' title='bbox 1222 902 1454 949; x_wconf 83' lang='lat' dir='ltr'>Schlusse</span> <span class='ocrx_word' id='word_1_56' title='bbox 1495 902 1641 948; x_wconf 91' lang='lat' dir='ltr'>noth-</span> 
     </span>
     <span class='ocr_line' id='line_1_9' title="bbox 85 986 1640 1047; baseline -0.001 -14"><span class='ocrx_word' id='word_1_57' title='bbox 85 986 335 1047; x_wconf 67' lang='lat' dir='ltr'>wendig.&#39;&#39;</span> <span class='ocrx_word' id='word_1_58' title='bbox 408 987 541 1034; x_wconf 82' lang='lat' dir='ltr'>Non.</span> <span class='ocrx_word' id='word_1_59' title='bbox 587 987 735 1033; x_wconf 91' lang='lat' dir='ltr'>credo</span> <span class='ocrx_word' id='word_1_60' title='bbox 797 987 1002 1033; x_wconf 90' lang='lat' dir='ltr'>duarum</span> <span class='ocrx_word' id='word_1_61' title='bbox 1067 996 1257 1032; x_wconf 89' lang='lat' dir='ltr'>tantum</span> <span class='ocrx_word' id='word_1_62' title='bbox 1317 1002 1640 1047; x_wconf 86' lang='lat' dir='ltr'>personarum</span> 
     </span>
     <span class='ocr_line' id='line_1_10' title="bbox 86 1069 978 1133; baseline -0.002 -16"><span class='ocrx_word' id='word_1_63' title='bbox 86 1069 332 1133; x_wconf 89' lang='lat' dir='ltr'>colloquio</span> <span class='ocrx_word' id='word_1_64' title='bbox 372 1069 584 1116; x_wconf 88' lang='lat' dir='ltr'>fabulam</span> <span class='ocrx_word' id='word_1_65' title='bbox 626 1069 814 1116; x_wconf 87' lang='lat' dir='ltr'>finitam</span> <span class='ocrx_word' id='word_1_66' title='bbox 854 1086 978 1115; x_wconf 90' lang='lat' dir='ltr'>esse.</span> 
     </span>
    </p>

    <p class='ocr_par' dir='ltr' id='par_1_3' title="bbox 87 1151 1649 2876">
     <span class='ocr_line' id='line_1_11' title="bbox 230 1151 1641 1214; baseline -0.002 -15"><span class='ocrx_word' id='word_1_67' title='bbox 230 1154 487 1199; x_wconf 72' lang='lat' dir='ltr'>BRAUNIUs</span> <span class='ocrx_word' id='word_1_68' title='bbox 526 1162 786 1214; x_wconf 81' lang='lat' dir='ltr'>postquam</span> <span class='ocrx_word' id='word_1_69' title='bbox 827 1151 1083 1198; x_wconf 79' lang='lat' dir='ltr'>contendit</span> <span class='ocrx_word' id='word_1_70' title='bbox 1122 1168 1169 1212; x_wconf 94' lang='lat' dir='ltr'>p.</span> <span class='ocrx_word' id='word_1_71' title='bbox 1215 1164 1274 1210; x_wconf 87' lang='lat'>27</span> <span class='ocrx_word' id='word_1_72' title='bbox 1306 1151 1641 1196; x_wconf 76' lang='lat' dir='ltr'><strong>Menandrum</strong></span> 
     </span>
     <span class='ocr_line' id='line_1_12' title="bbox 88 1233 1642 1282; baseline -0.002 0"><span class='ocrx_word' id='word_1_73' title='bbox 88 1236 362 1282; x_wconf 76' lang='lat' dir='ltr'><strong>Chaeream</strong></span> <span class='ocrx_word' id='word_1_74' title='bbox 403 1235 451 1281; x_wconf 91' lang='lat' dir='ltr'>in</span> <span class='ocrx_word' id='word_1_75' title='bbox 492 1235 583 1281; x_wconf 88' lang='lat' dir='ltr'>hac</span> <span class='ocrx_word' id='word_1_76' title='bbox 622 1251 801 1281; x_wconf 88' lang='lat' dir='ltr'>scaena</span> <span class='ocrx_word' id='word_1_77' title='bbox 840 1234 1169 1282; x_wconf 77' lang='lat' dir='ltr'>exsultantem</span> <span class='ocrx_word' id='word_1_78' title='bbox 1209 1244 1258 1281; x_wconf 87' lang='lat' dir='ltr'>et</span> <span class='ocrx_word' id='word_1_79' title='bbox 1297 1250 1460 1280; x_wconf 89' lang='lat' dir='ltr'>secum</span> <span class='ocrx_word' id='word_1_80' title='bbox 1495 1233 1642 1280; x_wconf 92' lang='lat' dir='ltr'>collo-</span> 
     </span>
     <span class='ocr_line' id='line_1_13' title="bbox 87 1317 1642 1382; baseline -0.001 -18"><span class='ocrx_word' id='word_1_81' title='bbox 87 1330 320 1382; x_wconf 89' lang='lat' dir='ltr'>quentem</span> <span class='ocrx_word' id='word_1_82' title='bbox 343 1319 650 1381; x_wconf 78' lang='lat' dir='ltr'>produxisse,</span> <span class='ocrx_word' id='word_1_83' title='bbox 676 1318 969 1365; x_wconf 81' lang='lat' dir='ltr'>Terentium</span> <span class='ocrx_word' id='word_1_84' title='bbox 993 1335 1114 1364; x_wconf 87' lang='lat' dir='ltr'>vero</span> <span class='ocrx_word' id='word_1_85' title='bbox 1137 1317 1461 1364; x_wconf 81' lang='lat' dir='ltr'>Parmenonis</span> <span class='ocrx_word' id='word_1_86' title='bbox 1488 1317 1642 1364; x_wconf 86' lang='lat' dir='ltr'>verba</span> 
     </span>
     <span class='ocr_line' id='line_1_14' title="bbox 87 1400 1642 1463; baseline -0.001 -15"><span class='ocrx_word' id='word_1_87' title='bbox 87 1402 403 1456; x_wconf 87' lang='lat' dir='ltr'>interiecisse,</span> <span class='ocrx_word' id='word_1_88' title='bbox 457 1402 579 1448; x_wconf 85' lang='lat' dir='ltr'>mira</span> <span class='ocrx_word' id='word_1_89' title='bbox 630 1401 815 1463; x_wconf 84' lang='lat' dir='ltr'>profert</span> <span class='ocrx_word' id='word_1_90' title='bbox 866 1402 927 1448; x_wconf 93' lang='lat' dir='ltr'>de</span> <span class='ocrx_word' id='word_1_91' title='bbox 973 1400 1160 1447; x_wconf 88' lang='lat' dir='ltr'>scholio</span> <span class='ocrx_word' id='word_1_92' title='bbox 1200 1411 1397 1447; x_wconf 88' lang='lat' dir='ltr'>nostro:</span> <span class='ocrx_word' id='word_1_93' title='bbox 1445 1400 1642 1463; x_wconf 80' lang='lat' dir='ltr'>„Atque</span> 
     </span>
     <span class='ocr_line' id='line_1_15' title="bbox 94 1483 1643 1542; baseline -0.001 -10"><span class='ocrx_word' id='word_1_94' title='bbox 94 1486 246 1542; x_wconf 89' lang='lat' dir='ltr'>„haec</span> <span class='ocrx_word' id='word_1_95' title='bbox 299 1485 622 1532; x_wconf 81' lang='lat' dir='ltr'>Parmenonis</span> <span class='ocrx_word' id='word_1_96' title='bbox 673 1485 828 1531; x_wconf 83' lang='lat' dir='ltr'>verba</span> <span class='ocrx_word' id='word_1_97' title='bbox 880 1484 1173 1532; x_wconf 89' lang='lat' dir='ltr'>Terentium</span> <span class='ocrx_word' id='word_1_98' title='bbox 1226 1483 1475 1530; x_wconf 86' lang='lat' dir='ltr'>invenisse</span> <span class='ocrx_word' id='word_1_99' title='bbox 1526 1484 1643 1530; x_wconf 89' lang='lat' dir='ltr'>dicit</span> 
     </span>
     <span class='ocr_line' id='line_1_16' title="bbox 95 1568 1641 1631; baseline -0.001 -16"><span class='ocrx_word' id='word_1_100' title='bbox 95 1569 371 1624; x_wconf 85' lang='lat' dir='ltr'>‚‚Donatus,</span> <span class='ocrx_word' id='word_1_101' title='bbox 414 1586 512 1614; x_wconf 90' lang='lat' dir='ltr'>non</span> <span class='ocrx_word' id='word_1_102' title='bbox 554 1585 752 1615; x_wconf 84' lang='lat' dir='ltr'>omnem</span> <span class='ocrx_word' id='word_1_103' title='bbox 782 1585 1062 1631; x_wconf 88' lang='lat' dir='ltr'>personam.</span> <span class='ocrx_word' id='word_1_104' title='bbox 1106 1568 1275 1614; x_wconf 86' lang='lat' dir='ltr'>Minus</span> <span class='ocrx_word' id='word_1_105' title='bbox 1301 1578 1415 1630; x_wconf 86' lang='lat' dir='ltr'>apte</span> <span class='ocrx_word' id='word_1_106' title='bbox 1444 1568 1641 1630; x_wconf 89' lang='lat' dir='ltr'>quidem</span> 
     </span>
     <span class='ocr_line' id='line_1_17' title="bbox 95 1650 1642 1714; baseline -0.001 -16"><span class='ocrx_word' id='word_1_107' title='bbox 95 1652 375 1714; x_wconf 89' lang='lat' dir='ltr'>„scripsisse</span> <span class='ocrx_word' id='word_1_108' title='bbox 402 1669 513 1698; x_wconf 90' lang='lat' dir='ltr'>eum</span> <span class='ocrx_word' id='word_1_109' title='bbox 536 1653 861 1699; x_wconf 88' lang='lat' dir='ltr'>adnotantem</span> <span class='ocrx_word' id='word_1_110' title='bbox 898 1653 1139 1706; x_wconf 78' lang='lat' dir='ltr'>„Inventa</span> <span class='ocrx_word' id='word_1_111' title='bbox 1161 1668 1375 1713; x_wconf 89' lang='lat' dir='ltr'>persona</span> <span class='ocrx_word' id='word_1_112' title='bbox 1396 1650 1503 1697; x_wconf 88' lang='lat' dir='ltr'>est&#39;&#39;</span> <span class='ocrx_word' id='word_1_113' title='bbox 1528 1668 1642 1697; x_wconf 92' lang='lat' dir='ltr'>con-</span> 
     </span>
     <span class='ocr_line' id='line_1_18' title="bbox 94 1733 1643 1796; baseline -0.002 -14"><span class='ocrx_word' id='word_1_114' title='bbox 94 1733 450 1792; x_wconf 84' lang='lat' dir='ltr'>‚,cedendu1n&#39;&#39;.</span> <span class='ocrx_word' id='word_1_115' title='bbox 502 1735 699 1781; x_wconf 82' lang='lat' dir='ltr'>Deinde</span> <span class='ocrx_word' id='word_1_116' title='bbox 740 1734 1038 1781; x_wconf 85' lang='lat' dir='ltr'>Teuffelium</span> <span class='ocrx_word' id='word_1_117' title='bbox 1079 1733 1382 1796; x_wconf 82' lang='lat' dir='ltr'>impugnans</span> <span class='ocrx_word' id='word_1_118' title='bbox 1415 1734 1643 1796; x_wconf 89' lang='lat' dir='ltr'>perhibet</span> 
     </span>
     <span class='ocr_line' id='line_1_19' title="bbox 89 1817 1644 1881; baseline -0.002 -15"><span class='ocrx_word' id='word_1_119' title='bbox 89 1818 381 1873; x_wconf 87' lang='lat' dir='ltr'>Chaeream,</span> <span class='ocrx_word' id='word_1_120' title='bbox 404 1835 530 1881; x_wconf 88' lang='lat' dir='ltr'>quae</span> <span class='ocrx_word' id='word_1_121' title='bbox 552 1818 763 1865; x_wconf 89' lang='lat' dir='ltr'>dicenda</span> <span class='ocrx_word' id='word_1_122' title='bbox 784 1818 1005 1872; x_wconf 89' lang='lat' dir='ltr'>haberet,</span> <span class='ocrx_word' id='word_1_123' title='bbox 1031 1817 1289 1864; x_wconf 85' lang='lat' dir='ltr'>Gnathoni</span> <span class='ocrx_word' id='word_1_124' title='bbox 1316 1828 1365 1864; x_wconf 89' lang='lat' dir='ltr'>et</span> <span class='ocrx_word' id='word_1_125' title='bbox 1394 1818 1644 1864; x_wconf 87' lang='lat' dir='ltr'>Thrasoni</span> 
     </span>
     <span class='ocr_line' id='line_1_20' title="bbox 95 1900 1644 1965; baseline -0.001 -17"><span class='ocrx_word' id='word_1_126' title='bbox 95 1919 249 1965; x_wconf 86' lang='lat' dir='ltr'>„quos</span> <span class='ocrx_word' id='word_1_127' title='bbox 305 1903 399 1949; x_wconf 87' lang='lat' dir='ltr'>iam</span> <span class='ocrx_word' id='word_1_128' title='bbox 451 1911 598 1948; x_wconf 90' lang='lat' dir='ltr'>antea</span> <span class='ocrx_word' id='word_1_129' title='bbox 650 1901 916 1963; x_wconf 81' lang='lat' dir='ltr'>populares</span> <span class='ocrx_word' id='word_1_130' title='bbox 967 1900 1245 1963; x_wconf 89' lang='lat' dir='ltr'>appellatos</span> <span class='ocrx_word' id='word_1_131' title='bbox 1296 1917 1409 1947; x_wconf 88' lang='lat' dir='ltr'>eum</span> <span class='ocrx_word' id='word_1_132' title='bbox 1461 1901 1644 1948; x_wconf 86' lang='lat' dir='ltr'>vidisse</span> 
     </span>
     <span class='ocr_line' id='line_1_21' title="bbox 96 1984 1645 2046; baseline -0.001 -14"><span class='ocrx_word' id='word_1_133' title='bbox 96 2002 326 2041; x_wconf 88' lang='lat' dir='ltr'>„necesse</span> <span class='ocrx_word' id='word_1_134' title='bbox 383 1984 507 2039; x_wconf 89' lang='lat' dir='ltr'>est‚”</span> <span class='ocrx_word' id='word_1_135' title='bbox 568 2002 771 2032; x_wconf 88' lang='lat' dir='ltr'>narrare</span> <span class='ocrx_word' id='word_1_136' title='bbox 810 1984 1044 2046; x_wconf 88' lang='lat' dir='ltr'>potuisse.</span> <span class='ocrx_word' id='word_1_137' title='bbox 1098 1984 1199 2031; x_wconf 76' lang='lat' dir='ltr'>Sed</span> <span class='ocrx_word' id='word_1_138' title='bbox 1239 1984 1556 2031; x_wconf 87' lang='lat' dir='ltr'>Thrasonem</span> <span class='ocrx_word' id='word_1_139' title='bbox 1595 1994 1645 2031; x_wconf 91' lang='lat' dir='ltr'>et</span> 
     </span>
     <span class='ocr_line' id='line_1_22' title="bbox 90 2067 1645 2130; baseline -0.001 -15"><span class='ocrx_word' id='word_1_140' title='bbox 90 2068 412 2116; x_wconf 83' lang='lat' dir='ltr'>Gnathonem</span> <span class='ocrx_word' id='word_1_141' title='bbox 434 2085 463 2116; x_wconf 92' lang='lat' dir='ltr'>a</span> <span class='ocrx_word' id='word_1_142' title='bbox 484 2068 751 2115; x_wconf 86' lang='lat' dir='ltr'>Menandri</span> <span class='ocrx_word' id='word_1_143' title='bbox 775 2068 1020 2114; x_wconf 85' lang='lat' dir='ltr'>Eunucho</span> <span class='ocrx_word' id='word_1_144' title='bbox 1042 2067 1235 2122; x_wconf 86' lang='lat' dir='ltr'>afuisse,</span> <span class='ocrx_word' id='word_1_145' title='bbox 1265 2067 1418 2129; x_wconf 90' lang='lat' dir='ltr'>ipsius</span> <span class='ocrx_word' id='word_1_146' title='bbox 1445 2084 1645 2130; x_wconf 89' lang='lat' dir='ltr'>quoque</span> 
     </span>
     <span class='ocr_line' id='line_1_23' title="bbox 91 2149 1646 2215; baseline 0.001 -17"><span class='ocrx_word' id='word_1_147' title='bbox 91 2152 289 2199; x_wconf 87' lang='lat' dir='ltr'>Braunii</span> <span class='ocrx_word' id='word_1_148' title='bbox 327 2151 574 2199; x_wconf 89' lang='lat' dir='ltr'>sententia</span> <span class='ocrx_word' id='word_1_149' title='bbox 611 2162 686 2198; x_wconf 91' lang='lat' dir='ltr'>est</span> <span class='ocrx_word' id='word_1_150' title='bbox 723 2152 759 2215; x_wconf 90' lang='lat'>1)</span> <span class='ocrx_word' id='word_1_151' title='bbox 800 2168 961 2214; x_wconf 89' lang='lat' dir='ltr'>neque</span> <span class='ocrx_word' id='word_1_152' title='bbox 1002 2151 1049 2197; x_wconf 90' lang='lat' dir='ltr'>in</span> <span class='ocrx_word' id='word_1_153' title='bbox 1092 2160 1261 2197; x_wconf 89' lang='lat' dir='ltr'>nostra</span> <span class='ocrx_word' id='word_1_154' title='bbox 1299 2149 1465 2197; x_wconf 89' lang='lat' dir='ltr'>fabula</span> <span class='ocrx_word' id='word_1_155' title='bbox 1491 2150 1646 2199; x_wconf 76' lang='lat' dir='ltr'>verba</span> 
     </span>
     <span class='ocr_line' id='line_1_24' title="bbox 90 2234 1645 2297; baseline 0.001 -17"><span class='ocrx_word' id='word_1_156' title='bbox 90 2234 171 2282; x_wconf 89' lang='lat' dir='ltr'>illa</span> <span class='ocrx_word' id='word_1_157' title='bbox 228 2252 285 2290; x_wconf 87' lang='lat' dir='ltr'>„o</span> <span class='ocrx_word' id='word_1_158' title='bbox 337 2235 432 2282; x_wconf 90' lang='lat' dir='ltr'>mei</span> <span class='ocrx_word' id='word_1_159' title='bbox 482 2234 781 2297; x_wconf 87' lang='lat' dir='ltr'>populares’&#39;</span> <span class='ocrx_word' id='word_1_160' title='bbox 836 2235 898 2282; x_wconf 90' lang='lat' dir='ltr'>ad</span> <span class='ocrx_word' id='word_1_161' title='bbox 949 2251 1036 2281; x_wconf 86' lang='lat' dir='ltr'>eos</span> <span class='ocrx_word' id='word_1_162' title='bbox 1086 2234 1335 2296; x_wconf 87' lang='lat' dir='ltr'>pertinere</span> <span class='ocrx_word' id='word_1_163' title='bbox 1381 2244 1517 2296; x_wconf 90' lang='lat' dir='ltr'>puto,</span> <span class='ocrx_word' id='word_1_164' title='bbox 1558 2234 1645 2281; x_wconf 89' lang='lat' dir='ltr'>sed</span> 
     </span>
     <span class='ocr_line' id='line_1_25' title="bbox 91 2316 1646 2379; baseline -0.001 -14"><span class='ocrx_word' id='word_1_165' title='bbox 91 2319 344 2366; x_wconf 86' lang='lat' dir='ltr'>Chaereae</span> <span class='ocrx_word' id='word_1_166' title='bbox 365 2319 549 2379; x_wconf 65' lang='lat' dir='ltr'>gaudio</span> <span class='ocrx_word' id='word_1_167' title='bbox 570 2319 803 2365; x_wconf 89' lang='lat' dir='ltr'>commoti</span> <span class='ocrx_word' id='word_1_168' title='bbox 825 2318 1237 2365; x_wconf 77' lang='lat' dir='ltr'>exclamationem</span> <span class='ocrx_word' id='word_1_169' title='bbox 1264 2335 1387 2365; x_wconf 89' lang='lat' dir='ltr'>esse.</span> <span class='ocrx_word' id='word_1_170' title='bbox 1414 2316 1646 2379; x_wconf 89' lang='lat' dir='ltr'>Denique</span> 
     </span>
     <span class='ocr_line' id='line_1_26' title="bbox 93 2401 1647 2463; baseline -0.002 -14"><span class='ocrx_word' id='word_1_171' title='bbox 93 2402 335 2449; x_wconf 87' lang='lat' dir='ltr'>Braunius</span> <span class='ocrx_word' id='word_1_172' title='bbox 374 2402 494 2448; x_wconf 91' lang='lat' dir='ltr'>haec</span> <span class='ocrx_word' id='word_1_173' title='bbox 534 2401 710 2448; x_wconf 87' lang='lat' dir='ltr'>habet:</span> <span class='ocrx_word' id='word_1_174' title='bbox 759 2402 858 2455; x_wconf 86' lang='lat' dir='ltr'>„Ut</span> <span class='ocrx_word' id='word_1_175' title='bbox 897 2402 990 2447; x_wconf 90' lang='lat' dir='ltr'>hoc</span> <span class='ocrx_word' id='word_1_176' title='bbox 1029 2402 1225 2455; x_wconf 87' lang='lat' dir='ltr'>addam,</span> <span class='ocrx_word' id='word_1_177' title='bbox 1256 2418 1384 2463; x_wconf 88' lang='lat' dir='ltr'>quae</span> <span class='ocrx_word' id='word_1_178' title='bbox 1412 2417 1559 2448; x_wconf 88' lang='lat' dir='ltr'>causa</span> <span class='ocrx_word' id='word_1_179' title='bbox 1586 2401 1647 2446; x_wconf 89' lang='lat' dir='ltr'>sit</span> 
     </span>
     <span class='ocr_line' id='line_1_27' title="bbox 98 2484 1645 2546; baseline -0.002 -14"><span class='ocrx_word' id='word_1_180' title='bbox 98 2485 452 2540; x_wconf 82' lang='lat' dir='ltr'>„Parmenonis</span> <span class='ocrx_word' id='word_1_181' title='bbox 496 2485 544 2531; x_wconf 91' lang='lat' dir='ltr'>in</span> <span class='ocrx_word' id='word_1_182' title='bbox 587 2485 677 2532; x_wconf 90' lang='lat' dir='ltr'>hac</span> <span class='ocrx_word' id='word_1_183' title='bbox 717 2502 864 2531; x_wconf 89' lang='lat' dir='ltr'>scena</span> <span class='ocrx_word' id='word_1_184' title='bbox 903 2485 1073 2538; x_wconf 86' lang='lat' dir='ltr'>additi,</span> <span class='ocrx_word' id='word_1_185' title='bbox 1115 2484 1409 2546; x_wconf 80' lang='lat' dir='ltr'>produxisse</span> <span class='ocrx_word' id='word_1_186' title='bbox 1448 2500 1645 2530; x_wconf 84' lang='lat' dir='ltr'>servum</span> 
     </span>
     <span class='ocr_line' id='line_1_28' title="bbox 98 2566 1645 2631; baseline -0.001 -17"><span class='ocrx_word' id='word_1_187' title='bbox 98 2578 248 2630; x_wconf 85' lang='lat' dir='ltr'>„puto</span> <span class='ocrx_word' id='word_1_188' title='bbox 304 2584 414 2614; x_wconf 88' lang='lat' dir='ltr'>eum</span> <span class='ocrx_word' id='word_1_189' title='bbox 471 2567 805 2631; x_wconf 86' lang='lat' dir='ltr'>(Terentium)</span> <span class='ocrx_word' id='word_1_190' title='bbox 864 2567 1045 2614; x_wconf 88' lang='lat' dir='ltr'>idcirco</span> <span class='ocrx_word' id='word_1_191' title='bbox 1104 2577 1156 2614; x_wconf 89' lang='lat' dir='ltr'>ut</span> <span class='ocrx_word' id='word_1_192' title='bbox 1211 2567 1389 2613; x_wconf 90' lang='lat' dir='ltr'>eodem</span> <span class='ocrx_word' id='word_1_193' title='bbox 1447 2583 1546 2628; x_wconf 90' lang='lat' dir='ltr'>quo</span> <span class='ocrx_word' id='word_1_194' title='bbox 1596 2566 1645 2612; x_wconf 89' lang='lat' dir='ltr'>in</span> 
     </span>
     <span class='ocr_line' id='line_1_29' title="bbox 99 2644 1647 2712; baseline -0.002 -15"><span class='ocrx_word' id='word_1_195' title='bbox 99 2651 321 2705; x_wconf 80' lang='lat' dir='ltr'>„Andria</span> <span class='ocrx_word' id='word_1_196' title='bbox 361 2650 414 2696; x_wconf 86' lang='lat' dir='ltr'>fit</span> <span class='ocrx_word' id='word_1_197' title='bbox 454 2651 601 2696; x_wconf 90' lang='lat' dir='ltr'>modo</span> <span class='ocrx_word' id='word_1_198' title='bbox 641 2644 924 2697; x_wconf 89' lang='lat' dir='ltr'>laudaretur</span> <span class='ocrx_word' id='word_1_199' title='bbox 963 2649 1290 2712; x_wconf 87' lang='lat' dir='ltr'>solatiumque</span> <span class='ocrx_word' id='word_1_200' title='bbox 1318 2649 1362 2695; x_wconf 91' lang='lat' dir='ltr'>ei</span> <span class='ocrx_word' id='word_1_201' title='bbox 1390 2649 1647 2695; x_wconf 86' lang='lat' dir='ltr'>afferretur</span> 
     </span>
     <span class='ocr_line' id='line_1_30' title="bbox 99 2731 1649 2794; baseline -0.003 -14"><span class='ocrx_word' id='word_1_202' title='bbox 99 2733 317 2789; x_wconf 86' lang='lat' dir='ltr'>„timoris</span> <span class='ocrx_word' id='word_1_203' title='bbox 367 2750 395 2779; x_wconf 90' lang='lat' dir='ltr'>a</span> <span class='ocrx_word' id='word_1_204' title='bbox 448 2733 622 2794; x_wconf 86' lang='lat' dir='ltr'>Pythia</span> <span class='ocrx_word' id='word_1_205' title='bbox 668 2731 881 2779; x_wconf 82' lang='lat' dir='ltr'>iniecti.&#39;’</span> <span class='ocrx_word' id='word_1_206' title='bbox 926 2734 1080 2779; x_wconf 86' lang='lat' dir='ltr'>Recte</span> <span class='ocrx_word' id='word_1_207' title='bbox 1121 2750 1166 2779; x_wconf 84' lang='lat' dir='ltr'>v.</span> <span class='ocrx_word' id='word_1_208' title='bbox 1206 2733 1253 2780; x_wconf 90' lang='lat' dir='ltr'>d.</span> <span class='ocrx_word' id='word_1_209' title='bbox 1296 2731 1413 2777; x_wconf 89' lang='lat' dir='ltr'>mihi</span> <span class='ocrx_word' id='word_1_210' title='bbox 1454 2731 1649 2777; x_wconf 86' lang='lat' dir='ltr'>videtur</span> 
     </span>
     <span class='ocr_line' id='line_1_31' title="bbox 92 2815 1645 2876; baseline -0.003 -12"><span class='ocrx_word' id='word_1_211' title='bbox 92 2816 320 2864; x_wconf 82' lang='lat' dir='ltr'>statuisse</span> <span class='ocrx_word' id='word_1_212' title='bbox 383 2832 579 2862; x_wconf 84' lang='lat' dir='ltr'>servum</span> <span class='ocrx_word' id='word_1_213' title='bbox 643 2815 946 2862; x_wconf 90' lang='lat' dir='ltr'>laudandum</span> <span class='ocrx_word' id='word_1_214' title='bbox 1004 2815 1465 2876; x_wconf 88' lang='lat' dir='ltr'>consolandumque</span> <span class='ocrx_word' id='word_1_215' title='bbox 1521 2830 1645 2868; x_wconf 86' lang='lat' dir='ltr'>esse,</span> 
     </span>
    </p>
   </div>
   <div class='ocr_carea' id='block_1_3' title="bbox 241 3002 557 3054">
    <p class='ocr_par' dir='ltr' id='par_1_4' title="bbox 241 3002 557 3054">
     <span class='ocr_line' id='line_1_32' title="bbox 241 3002 557 3054; baseline -0.006 -14"><span class='ocrx_word' id='word_1_216' title='bbox 241 3002 276 3054; x_wconf 94' lang='lat'>1)</span> <span class='ocrx_word' id='word_1_217' title='bbox 333 3002 394 3040; x_wconf 82' lang='lat' dir='ltr'>Cf.</span> <span class='ocrx_word' id='word_1_218' title='bbox 424 3013 464 3050; x_wconf 93' lang='lat' dir='ltr'>p.</span> <span class='ocrx_word' id='word_1_219' title='bbox 496 3011 557 3038; x_wconf 88' lang='lat'>22.</span> 
     </span>
    </p>
   </div>
  </div>
 </body>
</html>
