2221 3526
1208 276 1262 320 18

456 417 619 479 drum)
654 416 1057 462 Chaerestratum
1093 416 1154 461 de
1188 414 1293 460 sola
1315 413 1572 475 Chrysidis
1593 413 1830 460 aviditate
1852 413 2006 476 queri,

458 499 548 545 nisi
587 499 792 545 fortasse
832 515 874 546 e.
904 516 951 546 v.
990 502 1099 557 164.
1154 498 1254 543 Sed
1281 514 1342 542 ex
1371 497 1464 542 hoc
1492 513 1637 543 versu
1667 513 1765 542 non
1788 497 2009 559 sequitur

457 581 752 644 Chrysidem
805 581 952 627 fuisse
1006 580 1150 626 nimis
1188 580 1387 626 avidam
1427 590 1476 625 et
1515 579 1611 626 iam
1651 579 1751 625 dixi
1792 579 1870 626 hic
1907 596 2007 626 ser-

457 681 654 710 monem
689 681 796 710 esse
830 664 1078 710 satiricum
1102 679 1263 725 neque
1296 679 1323 708 6
1345 663 1627 708 Menandro
1649 662 1749 723 peti
1772 662 2006 724 potuisse.

459 748 742 809 Numquam
782 747 850 793 316
889 747 937 792 111
978 763 1156 793 scaena
1195 745 1329 808 loqui
1369 745 1529 807 potuit
1568 745 1876 793 adulescens.

600 831 713 876 Non
773 829 932 890 magis
981 846 1042 875 ex
1095 829 1223 876 Eun.
1276 846 1374 875 vss.
1433 843 1511 887 79,
1572 844 1682 882 122,
1744 844 1853 888 123,
1909 842 2005 887 927

455 929 616 974 neque
667 929 693 957 6
746 912 931 959 Donati
971 911 1138 958 verbis
1176 912 1238 957 ad
1279 911 1340 958 V.
1387 925 1494 971 5.31
1542 927 1703 972 neque
1742 927 1768 956 6
1809 911 2009 957 1101111116

458 996 613 1062 Χρυσίς
684 998 764 1058 (z
804 995 992 1058 Aurea)
1068 1003 1276 1055 apparet
1340 993 1468 1040 113116
1526 993 1832 1039 meretricem
1891 1011 2009 1055 prae

455 1078 630 1125 ceteris
650 1077 796 1124 fuisse
818 1078 1016 1124 avidam
1035 1096 1042 1132 ;
1072 1076 1349 1123 ostenditur
1369 1076 1531 1137 potius
1551 1093 1797 1137 generosa
1819 1076 2010 1122 indoles

455 1178 529 1215 eo,
572 1161 703 1223 quod
744 1177 832 1222 per
871 1171 1024 1208 totam
1065 1159 1280 1206 fabulam
1310 1160 1358 1206 id
1385 1159 1503 1221 agit,
1545 1170 1595 1206 ut
1622 1159 1758 1206 fratri
1788 1159 2010 1206 restituat

456 1243 765 1306 Pamphilam
806 1260 1026 1290 sororem
1068 1243 1145 1307 (cf.
1187 1261 1234 1290 V.
1281 1243 1415 1306 749).

597 1327 869 1374 Contendit
919 1327 1067 1374 etiam
1122 1326 1393 1372 Nencinius
1433 1343 1480 1387 p.
1524 1328 1585 1371 82
1628 1326 1759 1387 apud
1801 1325 2009 1372 Menan-

455 1412 595 1458 drum
636 1409 1038 1457 Chaerestratum
1079 1410 1299 1456 nondum
1340 1420 1625 1456 revocatum
1665 1426 1773 1455 esse
1806 1419 2011 1471 propter

458 1494 589 1541 Davi
634 1493 774 1540 verbi
819 1511 868 1541 v.
924 1507 1010 1552 171
1070 1493 1137 1547 „si
1177 1491 1355 1539 vocet’'
1410 1492 1620 1554 ideoque
1671 1502 1810 1554 putat
1859 1492 2007 1539 etiam

455 1577 711 1639 sequentia
750 1577 868 1639 (vss.
919 1590 1027 1635 172,
1078 1577 1192 1639 173)
1235 1576 1381 1622 Davo
1421 1575 1683 1622 tribuenda
1722 1592 1830 1621 esse
1865 1576 2008 1629 „adu-

455 1659 684 1706 lescentis
735 1660 1009 1706 orationem
1057 1657 1318 1706 imitanti''.
1360 1659 1462 1704 Sed
1502 1658 1624 1704 haec
1663 1658 2007 1720 interpretatio

456 1743 615 1789 minus
655 1753 787 1789 recta
825 1754 914 1790 est.
958 1743 1224 1805 Postquam
1265 1742 1643 1789 Chaerestratus
1671 1742 1816 1788 certis
1844 1743 2009 1789 verbis

452 1825 718 1873 affirmavit
769 1843 820 1871 se
872 1825 1140 1872 rediturum
1192 1842 1315 1879 esse,
1369 1825 1407 1871 si
1447 1835 1651 1871 vocetur
1690 1825 1840 1888 (1711
1881 1836 1932 1872 at
1970 1826 2009 1872 si

454 1920 599 1956 vocet
629 1909 791 1963 „haud
821 1909 990 1956 mora’'
1021 1909 1190 1971 dicas),
1217 1926 1315 1954 non
1339 1909 1503 1955 statim
1526 1908 1810 1955 dubitanter
1833 1926 2009 1969 rogare

454 2003 641 2054 potest:
708 1992 957 2053 Quidnam
1010 1993 1157 2054 igitur
1208 1992 1415 2039 faciam?
1479 1993 1586 2038 Iure
1638 1992 1786 2052 igitur
1836 2009 2010 2039 omnes

454 2076 764 2137 interpretes,
806 2076 1026 2138 Jahnius,
1077 2075 1419 2129 Buechelerus,
1470 2074 1864 2137 Nettleshippius
1910 2094 2008 2124 VSS.

464 2173 572 2218 172,
634 2173 755 2220 173:

603 2241 880 2304 „Quidnam
922 2242 1069 2304 igitur
1107 2241 1315 2289 faciam?
1361 2259 1451 2288 nec
1492 2259 1620 2288 1111116
1659 2260 1766 2289 cum
1794 2253 2011 2290 arcessat

666 2335 717 2372 et
754 2325 880 2373 ultro

596 2408 865 2471 Supplicet,
906 2410 1137 2456 accedam
1155 2408 1204 2456 ?'’

457 2492 808 2539 Chaerestrato
836 2493 927 2554 ipsi
967 2493 1202 2547 tribuunt,
1244 2492 1324 2554 qui
1364 2492 1569 2539 totidem
1606 2492 1772 2539 verbis
1799 2492 2011 2539 affirmat

456 2592 507 2621 se
547 2592 721 2622 revera
761 2587 1045 2623 revocatum
1086 2593 1193 2622 esse
1233 2576 1432 2638 (‚,nunc,
1475 2592 1582 2621 cum
1623 2574 1909 2638 arcessat.”)

598 2659 675 2704 Ex
716 2659 790 2705 his
829 2659 1057 2705 omnibus
1097 2659 1192 2706 iarn
1233 2658 1349 2705 satis
1387 2675 1630 2720 apparere
1671 2658 1789 2704 mihi
1817 2659 2011 2705 videtur

458 2740 639 2788 nullam
691 2758 799 2788 esse
857 2758 1069 2796 causam,
1129 2759 1211 2788 6111
1270 2759 1517 2788 sumamus
1577 2742 1795 2788 Persium
1842 2758 2010 2803 presse

457 2835 674 2870 secutum
733 2842 842 2871 esse
902 2826 1251 2879 Menandrum,
1312 2825 1603 2872 Terentium
1661 2842 1781 2871 vero
1837 2825 1899 2871 ab
1950 2841 2010 2870 eo

457 2907 754 2962 discessisse,
807 2918 890 2955 aut
942 2908 1086 2955 aliam
1138 2909 1270 2970 apud
1323 2908 1614 2955 Terentium
1666 2924 1774 2954 esse
1814 2924 2009 2954 causam

457 2989 553 3037 litis
605 2990 732 3038 inter
784 2991 1076 3038 Phaedriam
1129 3002 1178 3038 et
1224 2991 1472 3038 Thaidem
1500 2991 1660 3054 'atque
1699 2990 1841 3037 fuerit
1879 2991 2011 3052 apud

459 3073 808 3121 Menandrum.
853 3076 889 3139 1)

606 3180 640 3229 1)
697 3178 757 3217 Cf.
789 3191 828 3227 p.
860 3187 921 3226 27.
