2221 3526
914 285 965 328 17

161 432 257 461 non
300 431 517 476 possum.
553 413 587 475 1)
634 424 799 458 tamen
844 411 1038 456 Persius
1078 411 1195 456 mihi
1235 428 1432 472 quoque
1474 411 1566 456 hoc
1606 411 1712 457 loco

160 514 258 544 non
299 495 604 542 convertisse
645 495 842 540 videtur
883 493 1233 546 Menandrum,
1275 493 1361 538 sed
1401 493 1579 554 partim
1611 493 1711 539 Ho-

159 578 351 632 ratium,
393 577 571 639 partim
613 576 905 622 Terentium
946 588 1143 622 secutus
1181 592 1304 622 esse.

303 660 634 706 Horatianum
677 659 794 705 illud
842 659 1096 711 „meditari
1138 658 1276 704 finire
1317 656 1546 704 dolores’'
1571 658 1713 721 (264)

158 744 290 805 apud
345 743 565 789 Persium
618 741 799 803 legitur
850 759 897 789 v.
960 745 1086 793 161;
1130 741 1346 803 itemque
1385 751 1434 786 et
1476 739 1715 786 Horatius

157 837 206 874 et
247 826 443 872 Persius
484 825 634 872 utitur
667 825 824 871 verbo
864 823 1179 879 ‚,accedere''‚
1215 841 1324 870 cum
1360 824 1493 885 apud
1527 823 1714 869 Teren—

157 909 278 956 tium
313 908 596 955 inveniatur
633 907 782 962 ,‚ire''.
820 907 1008 953 Contra
1043 925 1090 954 v.
1135 921 1225 966 172
1263 906 1543 968 „Quidnam
1567 906 1716 965 igitur

157 991 372 1039 faciam?
412 1008 502 1038 nec
535 1008 672 1038 >nunc
706 1008 816 1037 cum
851 1002 1067 1037 arcessat
1101 991 1188 1054 (et)
1235 989 1362 1036 ultro
1397 988 1713 1054 (supplicet)''

160 1075 356 1121 Persius
395 1075 613 1122 imitatus
651 1085 725 1121 est
762 1074 1090 1120 Terentium:
1138 1073 1301 1135 „Quid
1329 1072 1478 1133 igitur
1507 1071 1717 1119 faciam?

158 1159 278 1221 (non
330 1157 460 1220 eam)
513 1174 573 1203 ne
615 1174 745 1203 nunc
785 1157 1001 1219 quidem,
1043 1174 1193 1219 quom
1232 1172 1456 1203 arcessor
1495 1155 1623 1201 ultro
1646 1154 1713 1210 ?’',

157 1258 268 1287 cum
303 1241 436 1302 apud
473 1240 738 1286 Horatium
771 1258 817 1287 v.
847 1244 942 1300 263
968 1239 1193 1300 legamus
1215 1239 1423 1286 verbum
1453 1237 1713 1294 ‚‚vocare”,

157 1341 258 1387 quo
298 1323 495 1370 Persius
535 1324 685 1370 utitur
724 1341 771 1371 v.
823 1338 931 1382 171.

302 1406 520 1453 Nomina
577 1417 769 1453 tantum
829 1405 1031 1468 propria
1087 1422 1112 1452 e
1173 1406 1455 1453 Menandro
1506 1405 1716 1466 sumpsit

160 1489 371 1536 Persius,
406 1490 446 1551 2)
486 1489 561 1536 Ea
601 1500 719 1536 nota
757 1489 905 1535 fuisse
946 1488 1113 1535 iuveni
1152 1490 1300 1535 docto
1335 1505 1433 1534 non
1465 1487 1713 1542 miramur,

158 1573 241 1636 qui
293 1572 504 1618 libenter
555 1572 831 1619 doctrinam
887 1571 1207 1633 multiplicem
1260 1588 1378 1633 prae
1418 1588 1469 1617 se
1508 1571 1714 1618 ferebat.

303 1655 501 1702 Deinde
534 1655 695 1701 locum
732 1655 1073 1717 perlegentem
1110 1672 1207 1700 non
1242 1655 1397 1715 fugiet
1420 1672 1517 1701 VSS.
1551 1658 1714 1714 163-

167 1742 260 1786 166
313 1749 362 1785 et
415 1738 655 1799 imprimis
709 1742 818 1797 167,
868 1742 977 1796 169,
1029 1753 1122 1797 170
1162 1737 1309 1799 plane
1348 1754 1455 1783 esse
1495 1737 1717 1783 satiricos

160 1837 321 1883 neque
356 1821 505 1883 igitur
539 1821 642 1867 iure
675 1838 702 1867 e
738 1821 930 1867 Graeca
958 1820 1123 1867 fabula
1145 1838 1416 1867 conversos
1437 1820 1530 1867 dici
1553 1837 1714 1882 posse.

162 1904 425 1951 Horatium
462 1915 660 1951 secutus
689 1915 764 1950 est
798 1904 846 1950 in
882 1904 984 1951 his:
1008 1905 1210 1950 crudem
1234 1921 1452 1965 unguem
1474 1904 1716 1950 adrodere

160 1986 219 2034 cf.
260 1986 363 2034 Sat.
406 1987 440 2034 I.
491 2001 665 2045 10.7o:
707 1986 852 2033 vivos
892 1987 1067 2033 rodere
1108 2003 1330 2047 ungues;
1371 1986 1510 2033 siccis
1536 1986 1593 2033 cf.
1618 1985 1715 2032 Od.

162 2069 195 2116 Ι.
245 2071 372 2130 18.3,
415 2070 509 2131 Ep.
553 2070 586 2117 I.
636 2085 777 2128 19.9;
819 2086 921 2115 rem
963 2069 1213 2134 (patriam)
1252 2070 1482 2130 frangere
1522 2069 1580 2116 cf.
1612 2069 1715 2116 Sat.

162 2153 219 2200 II.
258 2155 391 2213 3.18.
429 2153 541 2200 Vss.
586 2156 857 2213 165-—166
894 2153 941 2199 in
977 2153 1265 2199 memoriam
1301 2163 1539 2199 revocant
1569 2152 1717 2199 notis—

162 2235 285 2282 sima
322 2234 404 2282 illa
443 2235 884 2297 paraclausithura,
922 2235 1108 2282 Tibulli
1143 2236 1177 2283 I.
1217 2252 1260 2290 2,
1298 2235 1540 2297 Propertii
1568 2236 1602 2283 I.
1642 2239 1716 2290 16,

164 2318 360 2364 Horatii
400 2317 497 2366 Od.
540 2319 619 2365 ΙΙΙ.
670 2334 744 2366 10.
788 2318 1071 2379 Obiurgare
1100 2343 1152 2364 Σ
1182 2318 1373 2380 punire,
1415 2318 1630 2380 plectere
1661 2319 1717 2366 cf.

163 2402 354 2448 Seneca
393 2402 454 2448 de
496 2402 570 2448 Ira
610 2402 691 2449 III.
741 2418 815 2456 12,
857 2402 1127 2449 Suetonius
1167 2401 1325 2464 Calig.
1372 2417 1450 2457 20,
1492 2402 1629 2448 Otho
1673 2419 1716 2449 2.

307 2484 421 2530 Non
461 2495 625 2531 autem
666 2485 830 2540 video,
874 2486 1006 2532 unde
1036 2485 1309 2532 Nencinius
1335 2485 1552 2532 effecerit
1586 2485 1718 2547 apud

165 2567 384 2613 Persium
437 2567 605 2631 (atque
657 2568 806 2629 igitur
857 2570 1130 2615 secundum
1182 2585 1295 2615 eum
1335 2569 1469 2630 apud
1509 2569 1716 2615 Menan-

311 2722 346 2764 1)
401 2719 555 2756 Dubito
573 2731 752 2767 quoque,
772 2732 907 2757 annon
924 2724 1039 2757 recte
1055 2733 1091 2758 v.
1111 2720 1159 2757 cl.
1177 2720 1514 2758 animadverterit
1529 2721 1719 2757 iuvenem

164 2797 215 2822 ne
253 2784 382 2822 verbo
422 2784 588 2832 quidem
623 2785 855 2834 significare
886 2798 930 2823 se
961 2786 1179 2822 exclusum
1207 2786 1345 2831 fuisse,
1376 2790 1546 2833 propter
1574 2798 1611 2823 v.
1648 2786 1720 2824 166

164 2849 254 2887 coll.
293 2849 414 2897 Prop.
455 2848 481 2887 I.
514 2850 575 2887 16.
607 2851 640 2887 8.
672 2850 769 2897 Hoc¹
805 2863 949 2888 verum
990 2856 1053 2888 est
1092 2863 1185 2888 eum
1219 2863 1301 2888 non
1330 2851 1511 2888 indicare
1542 2852 1719 2888 exclusi-

164 2926 287 2952 onem
316 2914 442 2951 fuisse
473 2926 639 2952 causam
669 2915 842 2962 repudii.

307 3004 347 3052 2)
403 3002 624 3040 Terentius
638 3004 759 3053 igitur
775 3004 878 3041 haec
897 3016 1064 3052 quoque
1083 3004 1246 3041 nomina
1263 3005 1445 3042 mutavit.
1465 3005 1525 3042 Cf.
1543 3017 1581 3052 p.
1601 3012 1622 3051 7
1635 3010 1719 3042 not.

1620 3088 1644 3117 2
