2221 3526
878 277 938 324 35

275 404 558 456 Nenciuius.
619 416 670 452 ut
727 405 954 457 vidimus,
999 405 1035 467 Ι)
1093 406 1220 452 hanc
1279 422 1381 452 rem
1439 406 1685 468 explicare

130 498 334 534 conatus
373 498 447 534 est
485 498 533 533 et
561 504 607 548 p.
639 503 700 543 92
733 487 989 534 contendit
1020 488 1309 549 Pamphilae
1337 489 1684 536 deductionem

130 569 384 616 Chaereae
436 569 750 616 advenientis
799 571 960 631 gratia
1005 571 1183 617 factam
1226 570 1406 633 unique
1447 572 1685 618 Terentio

129 652 479 698 vindicandam
519 670 627 699 esse
666 664 715 699 et
743 653 870 700 hanc
897 654 961 699 ob
990 670 1186 700 causam
1217 654 1508 701 Terentium
1536 655 1684 702 etiam

130 736 175 781 in
218 735 472 781 Chaereae
512 753 726 797 persona
756 736 992 797 fingenda
1019 754 1047 783 a
1076 737 1359 784 Menandro
1386 738 1683 785 discessisse.

130 818 414 870 Videamus,
456 836 554 881 quo
595 819 696 866 iure
734 819 802 865 sic
840 820 1170 867 contenderit.
1232 820 1456 867 Chaerea
1494 839 1541 868 v.
1588 837 1686 879 290

134 900 357 962 „publice
397 901 590 948 custos”
632 903 883 969 (περίπολσς,
925 903 1271 963 duodeviginti
1310 920 1470 949 annos
1506 904 1684 968 natus),

128 1002 175 1031 v.
230 986 329 1044 824
388 984 674 1046 „ephebus”
728 985 961 1048 (sedecim
1014 996 1097 1032 aut
1142 986 1488 1048 duodeviginti
1528 1004 1687 1033 annos

128 1066 342 1131 natus)”‚
381 1067 422 1131 2)
462 1086 510 1115 v.
553 1072 650 1129 693
701 1086 890 1123 „annos
929 1080 1074 1116 natus
1113 1069 1363 1116 sedeci1n”
1404 1080 1493 1117 est.
1554 1071 1687 1117 Inest

128 1151 175 1197 in
216 1151 291 1197 his
329 1151 684 1206 controversia,
726 1153 814 1198 sed
853 1153 1125 1199 tenendum
1159 1163 1235 1199 est
1264 1153 1573 1208 Terentium,
1603 1153 1685 1216 qui

128 1234 175 1280 in
229 1234 490 1281 Graeciam
538 1235 786 1296 profectus
824 1246 899 1282 est
945 1246 1025 1290 „ut
1064 1236 1340 1298 perciperet
1380 1236 1684 1282 Graecorum

127 1317 350 1365 instituta
388 1329 437 1365 et
464 1317 677 1373 mores’'‚
717 1319 756 1383 3)
785 1318 862 1366 hic
888 1336 1053 1366 errare
1087 1319 1320 1381 potuisse,
1350 1320 1684 1367 Menandrum

128 1417 227 1446 non
267 1401 499 1463 potuisse.

269 1484 550 1531 Secundum
594 1485 889 1531 Nencinium
930 1487 1063 1547 apud
1097 1487 1430 1533 Menandrum
1460 1486 1687 1533 Chaerea

127 1567 214 1614 fuit
251 1568 465 1615 sedecim
506 1585 666 1615 annos
706 1580 850 1617 natus
890 1587 1051 1632 neque
1090 1570 1238 1630 igitur
1266 1571 1496 1637 περίπῡὶρς,
1520 1571 1563 1634 4)
1592 1571 1685 1632 pri-

275 1749 310 1801 1)
366 1750 426 1788 Cf.
458 1763 497 1799 p.
530 1761 576 1798 23
609 1763 699 1799 sqq.

268 1839 308 1890 2)
365 1840 426 1878 Cf.
457 1841 681 1878 Nencinius
712 1853 749 1888 p.
782 1841 856 1887 89:
879 1841 1010 1887 „Nam
1031 1841 1234 1889 ephebiae
1256 1842 1420 1891 gradus,
1443 1846 1487 1878 ut
1509 1847 1684 1888 constat,

126 1906 208 1942 duo
256 1906 433 1951 fuerunt,
482 1906 677 1942 naturalis
726 1910 767 1942 et
817 1906 955 1951 civilis,
995 1918 1171 1953 quorum
1210 1907 1312 1943 alter
1351 1907 1515 1943 ineunte
1561 1911 1683 1943 sexto

126 1971 301 2018 decimo,
333 1971 435 2008 alter
465 1971 630 2008 ineunte
661 1972 1001 2009 duodevicesimo
1033 1984 1139 2008 anno
1171 1972 1449 2009 ordiebatur.’⁷

271 2059 309 2110 3)
364 2059 585 2096 Suetonius
617 2059 655 2097 in
685 2060 791 2097 Vita.

267 2149 306 2199 4)
361 2149 584 2185 Nencinius
614 2160 652 2196 p.
682 2158 734 2194 90
765 2161 824 2196 sq.
857 2149 958 2185 haec
989 2149 1135 2186 habet:
1168 2149 1398 2197 „Equidem
1428 2162 1509 2187 non
1539 2150 1683 2187 dubito

126 2216 222 2264 quin
265 2215 511 2252 adulescens
555 2216 783 2252 naturalem
828 2219 985 2251 tantum
1030 2215 1241 2263 ingressus
1281 2215 1500 2263 ephebiam
1530 2227 1587 2252 sc.
1620 2228 1683 2252 se-

126 2282 259 2319 decim
297 2293 426 2317 annos
465 2285 585 2318 natus
616 2293 679 2328 ap.
712 2282 819 2317 Men.
851 2280 971 2316 fucrit
1002 2280 1062 2316 his
1093 2281 1145 2317 de
1176 2281 1337 2317 causis:
1369 2281 1542 2328 primurn
1571 2281 1683 2328 quod

125 2360 206 2384 non
249 2346 521 2394 perspiciatur
564 2358 646 2392 quo
693 2346 863 2383 consilio
908 2346 1128 2382 Terentius
1176 2346 1454 2383 adulescentis
1503 2351 1684 2383 aetatem

125 2411 344 2449 mutaverit
374 2423 551 2458 eumque
582 2411 781 2448 iuniorem
814 2410 971 2457 fecerit,
1003 2416 1089 2448 turn
1119 2411 1231 2458 quod
1249 2411 1287 2448 in
1304 2411 1512 2459 Pamphila
1529 2411 1683 2448 initium

125 2477 287 2515 amandi
325 2477 476 2514 fecisse
515 2478 675 2515 dicatur
709 2478 956 2515 adulescens
985 2491 1022 2516 V.
1054 2487 1143 2524 299,
1177 2478 1250 2524 308
1280 2490 1383 2525 sqq,
1414 2478 1601 2525 quamvis
1630 2477 1682 2514 ad

125 2555 287 2580 amores
324 2555 557 2591 propensus
588 2555 710 2591 quam
739 2543 917 2580 maxime
950 2548 991 2580 et
1021 2544 1109 2591 ipse
1139 2548 1284 2580 natura
1314 2544 1502 2592 fingatur,
1532 2543 1682 2580 deinde

125 2609 236 2655 quod
259 2608 505 2644 adulescens
526 2609 695 2646 vixdum
717 2609 979 2656 pubertatem
997 2609 1208 2657 ingressus
1225 2608 1383 2644 facilius
1401 2620 1475 2656 pro
1492 2607 1681 2644 eunucho

124 2673 274 2720 probet
303 2685 425 2720 quarn
455 2673 522 2720 qui
553 2678 689 2710 aetate
721 2674 960 2720 provectior
990 2673 1053 2719 sit,
1085 2673 1175 2720 ipso
1207 2673 1341 2710 iudice
1370 2673 1625 2710 Parmenone
1643 2685 1680 2710 v.

127 2745 214 2785 375,
254 2743 465 2785 postremo
505 2738 616 2785 quod
647 2738 698 2774 ad
729 2737 772 2774 Il.
805 2748 839 2774 2.
874 2739 919 2785 58
950 2739 1136 2774 Donatus
1167 2738 1362 2774 adnotet:
1394 2739 1513 2784 „Non
1542 2742 1682 2785 potest

125 2815 160 2840 e.
191 2815 229 2850 q.
259 2803 317 2840 εἶ’
358 2802 476 2839 Unde
508 2803 710 2851 colligitur
739 2804 898 2853 τρόφιμον
920 2804 1171 2850 appellatum
1194 2816 1286 2840 esse
1311 2803 1539 2840 Chaeream
1561 2803 1599 2838 in
1620 2814 1680 2851 gr.

124 2869 338 2913 Eunucho,
383 2868 560 2904 eundem
603 2881 703 2905 vero
747 2868 985 2916 nequivisse
1024 2869 1147 2905 latine
1189 2868 1446 2915 „alumnum”
1486 2867 1681 2915 appellari

125 2933 278 2980 quippe
308 2933 376 2979 qui
405 2937 450 2968 ut
479 2932 667 2979 publicus
699 2932 736 2968 in
767 2932 910 2969 Piraeo
941 2937 1082 2969 custos
1113 2933 1309 2981 magistro
1339 2932 1403 2969 vel
1432 2933 1680 2981 paedagogo

125 3009 207 3034 non
237 2998 315 3034 iam
344 2996 568 3034 uteretur.⁷'
