2221 3526
977 1102 1286 1150 CAPUT
1347 1102 1449 1148 VI.

928 1422 1014 1458 DE
1057 1420 1497 1458 ANTIPHONE.

578 1733 806 1795 Antipho
846 1732 893 1779 in
935 1732 1129 1779 duabus
1166 1730 1360 1777 scaenis
1387 1729 1567 1792 prodit,
1597 1745 1725 1791 quae
1753 1728 1995 1775 artissime

436 1818 721 1865 cohaerent.
775 1817 1046 1878 Postquam
1087 1815 1135 1861 in
1176 1814 1340 1876 priore
1381 1814 1482 1878 (III.
1524 1814 1576 1877 4)
1617 1812 1839 1859 narravit
1878 1828 1929 1858 se
1968 1828 1996 1858 a

437 1900 688 1948 nonnullis
714 1899 1132 1954 adulescentibus,
1163 1898 1245 1961 qui
1277 1899 1339 1945 de
1365 1895 1604 1959 symbolis
1632 1896 1854 1950 ederent,
1884 1913 1994 1942 cum

436 1984 705 2031 constituto
744 1994 970 2045 tempore
1007 1982 1294 2029 frustrasset
1333 1997 1419 2027 eos
1448 1980 1688 2034 Chaerea,
1718 1979 1802 2042 qui
1829 1979 1997 2025 omnia

437 2067 702 2129 providere
753 2067 1007 2121 debuerat,
1059 2065 1261 2112 missum
1307 2080 1433 2120 esse,
1474 2074 1526 2110 ut
1564 2080 1677 2109 eum
1718 2073 1994 2125 quaereret,

437 2151 542 2213 ipse
595 2150 821 2197 Chaerea
871 2150 970 2214 (III.
1027 2149 1073 2213 5)
1125 2149 1275 2195 domo
1328 2147 1537 2194 Thaidis
1587 2147 1689 2193 exit
1737 2156 1787 2192 et
1837 2146 1996 2192 amico

439 2244 621 2288 narrat,
655 2233 908 2296 quomodo
937 2231 1231 2293 Pamphilae
1257 2247 1426 2278 amore
1454 2241 1629 2292 captus
1655 2230 1718 2276 ad
1747 2229 1995 2276 Thaidem

438 2317 681 2364 deductus
729 2316 792 2362 sit
836 2315 1003 2378 ibique
1043 2314 1290 2376 virginem
1331 2313 1597 2361 vitiaverit.
1639 2313 1716 2359 Ex
1755 2312 1826 2367 iis,
1868 2330 1997 2375 quae

439 2400 488 2446 in
528 2400 619 2446 hac
657 2415 836 2445 scaena
874 2408 1106 2460 aguntur,
1149 2397 1464 2444 manifestum
1498 2406 1573 2442 est
1600 2413 1709 2443 eam
1736 2396 1800 2442 ad
1827 2396 1996 2442 Eunu-

439 2483 586 2529 chum
626 2482 936 2528 referendam
975 2497 1112 2535 esse;
1154 2481 1283 2527 hanc
1322 2480 1385 2526 ob
1426 2496 1529 2526 rem
1569 2479 1752 2526 dixeris
1780 2479 1995 2540 priorem

439 2582 669 2613 scaenam
708 2565 855 2612 etiam
895 2581 957 2610 ex
995 2580 1054 2611 ea
1091 2562 1258 2611 fabula
1297 2564 1611 2624 desumptam
1651 2579 1774 2609 esse.

583 2649 637 2695 In
668 2647 855 2695 Donati
882 2657 1166 2694 commento
1194 2647 1256 2694 ad
1284 2646 1365 2693 III.
1389 2662 1437 2705 4.
1470 2662 1485 2692 1
1521 2656 1621 2692 tres
1647 2645 1997 2693 adnotationes

439 2732 714 2794 adscriptas
763 2748 871 2778 esse
922 2731 1165 2786 videmus,
1219 2747 1428 2793 quarum
1468 2730 1626 2791 prima
1664 2740 1713 2776 et
1751 2729 1896 2776 tertia
1934 2731 1996 2776 ad

441 2816 570 2863 hanc
609 2832 710 2862 rem
738 2825 980 2877 spectant.
1011 2814 1064 2861 Si
1091 2831 1352 2861 censemus
1379 2813 1426 2859 in
1455 2813 1614 2875 prima
1643 2813 1994 2873 adnotatione:

449 2899 602 2956 „Heri
641 2898 829 2960 aliquot
867 2896 1225 2945 adulescentuli
1266 2897 1454 2943 coimus
1494 2896 1541 2942 in
1583 2896 1784 2943 Piraeo:
1826 2896 1873 2942 in
1904 2896 1997 2942 hoc

449 2981 740 3044 „proloquio
779 2981 1044 3028 insinuatio
1085 2997 1329 3042 personae
1355 2980 1461 3026 eius
1481 2990 1576 3034 est,
1606 2979 1681 3026 cui
1710 2989 1998 3026 narraturus
