2221 3526
1105 254 1169 298 30

503 380 649 426 Hanc
702 380 766 425 ob
818 396 917 425 rem
960 379 1179 440 suspicor
1217 396 1279 424 ex
1318 380 1462 425 donis
1503 378 1594 425 illis
1633 378 1911 424 eunuchum

359 480 420 508 ex
447 462 718 524 exemplari
746 462 979 524 primario
1019 472 1068 507 et
1089 478 1285 507 servam
1308 462 1657 523 Aethiopicam
1681 478 1708 507 e
1732 460 1912 507 Colace

360 562 389 592 a
416 557 563 607 poeta
592 545 771 591 Latino
799 544 1086 591 coniunctos
1113 561 1236 597 esse,
1268 554 1319 590 ut
1341 544 1587 591 Phaedria
1607 563 1654 592 v.
1687 548 1778 604 163
1803 561 1910 606 sqq.

359 630 457 675 duo
497 629 717 681 haberet,
759 644 885 690 quae
926 627 1008 672 uni
1049 626 1213 672 militis
1252 628 1386 673 dono
1425 638 1717 689 opponeret.
1766 626 1913 688 Quod

359 712 398 757 si
437 712 504 757 ita
542 728 593 756 se
634 710 799 763 habet,
842 709 1155 755 manifestum
1195 720 1269 756 est
1308 709 1456 755 etiam
1498 709 1546 755 in
1588 709 1768 756 Colace
1797 710 1912 755 adu-

358 794 641 847 lescentem,
693 793 775 855 qui
827 792 1069 838 meretrici
1119 809 1315 838 servam
1367 793 1590 847 donavit,
1631 792 1912 854 oppositum

357 877 504 923 fuisse
544 875 682 922 militi
721 893 829 921 cum
869 876 1018 922 dono.

502 960 554 1006 In
611 976 671 1005 ea
727 975 853 1021 quae
905 958 1124 1020 sequitur
1186 975 1367 1005 scaena
1418 959 1495 1022 (II.
1546 958 1589 1022 Ι)
1648 959 1910 1013 Phaedria,

360 1044 669 1089 Parmenone
709 1042 843 1087 dona
881 1042 944 1087 ad
986 1042 1232 1088 Thaidem
1273 1042 1516 1088 deducere
1546 1041 1691 1096 ἰυ33ο,
1723 1041 1912 1103 perficit

358 1124 613 1172 consilium
678 1142 756 1170 rus
819 1125 982 1180 eundi,
1048 1126 1181 1187 quod
1245 1125 1340 1171 iam
1399 1124 1636 1171 indicavit
1693 1142 1739 1171 v.
1803 1127 1911 1184 187.

358 1208 620 1254 Artissime
672 1207 794 1253 haec
844 1207 1113 1253 cohaerent
1161 1225 1266 1253 cum
1323 1207 1548 1253 Eunuchi
1588 1218 1910 1268 argumento;

357 1291 609 1338 eunuchus
665 1290 812 1344 enim,
872 1307 962 1352 pro
1019 1307 1117 1352 quo
1174 1290 1495 1337 substituetur
1553 1290 1794 1344 Chaerea,
1851 1291 1914 1337 ad

360 1375 606 1421 Thaidem
657 1374 910 1420 ducendus
962 1384 1036 1420 est
1083 1385 1131 1420 et
1178 1374 1424 1420 Phaedria
1463 1374 1810 1425 removendus,
1853 1391 1914 1420 ne

359 1459 486 1505 hanc
526 1474 628 1504 rem
669 1457 938 1519 perturbet.
1007 1457 1148 1503 Haec
1186 1474 1367 1504 scaena
1407 1458 1554 1517 igitur
1592 1474 1618 1503 e
1648 1457 1915 1504 Menandri

360 1541 601 1587 Eunucho
652 1541 914 1602 desumpta
952 1551 1027 1587 est
1107 1540 1207 1587 Sed
1261 1541 1323 1587 ad
1375 1541 1432 1587 ΙΙ.
1495 1557 1533 1587 1.
1580 1556 1638 1586 22
1685 1540 1915 1587 Donatus

357 1625 592 1671 adnotat:
652 1623 778 1675 „Hic
829 1623 1026 1686 quidem
1079 1634 1154 1670 est
1205 1624 1450 1686 parasitus
1490 1624 1723 1671 Gnatho:
1775 1624 1915 1670 Haec

357 1709 489 1769 apud
529 1707 862 1753 Menandrum
904 1707 951 1752 in
994 1707 1235 1753 Eunucho
1276 1724 1375 1753 non
1416 1718 1544 1762 sunt,
1587 1717 1637 1753 ut
1672 1707 1775 1769 ipse
1803 1724 1912 1769 pro-

356 1791 511 1837 fessus
561 1801 635 1837 est
686 1789 828 1853 (prol.
887 1790 969 1854 25)
1029 1790 1259 1851 „parasiti
1305 1807 1569 1852 personam
1609 1800 1658 1836 et
1698 1789 1912 1845 militis'',

356 1875 443 1920 sed
482 1874 543 1920 de
572 1872 752 1919 Colace
781 1872 1021 1920 translata
1049 1872 1212 1920 sunt.''
1268 1874 1408 1937 Quae
1437 1875 1592 1920 verba
1619 1884 1914 1935 argumento

357 1968 469 2003 sunt
508 1957 777 2019 parasitum
817 1974 846 2003 a
885 1957 1153 2003 Menandri
1195 1957 1435 2003 Eunucho
1475 1957 1667 2004 afuisse.
1708 1957 1744 2018 Ι)
1803 1957 1915 2003 Hoc

357 2040 595 2087 scholium
636 2040 702 2086 ita
741 2039 1132 2101 intellegendum
1173 2050 1261 2095 est,
1306 2051 1356 2087 ut
1391 2040 1657 2087 Terentius
1686 2040 1778 2086 hoc
1805 2040 1913 2086 loco

357 2124 661 2170 substituerit
706 2123 975 2185 parasitum
1016 2140 1106 2186 pro
1152 2123 1246 2170 alia
1273 2125 1488 2186 quadam
1517 2140 1745 2185 persona,
1787 2140 1914 2186 quae

358 2208 489 2269 apud
536 2207 869 2253 Menandrum
910 2207 1156 2269 virginem
1198 2208 1260 2254 ad
1302 2207 1549 2254 Thaidem
1589 2208 1805 2261 duceret,
1847 2237 1912 2241 ——

357 2290 540 2337 etenim
593 2290 639 2336 in
695 2290 961 2337 Menandri
1014 2291 1255 2337 Eunucho
1307 2307 1503 2353 quoque
1551 2290 1811 2352 Pamphila
1851 2292 1914 2337 ad

359 2374 607 2421 Thaidem
647 2375 873 2421 ducenda
911 2385 1032 2429 erat,
1075 2385 1126 2420 ut
1166 2374 1392 2421 Chaerea
1431 2374 1639 2435 virginis
1672 2374 1719 2420 in
1749 2374 1915 2436 platea

357 2468 653 2519 conspectae
694 2474 862 2504 amore
902 2458 1010 2519 capi
1049 2468 1231 2519 posset.
1270 2458 1312 2521 2)
1366 2457 1478 2503 Non
1508 2457 1655 2518 igitur
1685 2458 1915 2505 Donatus

359 2541 451 2587 hoc
502 2540 672 2594 voluit,
728 2540 850 2587 haec
901 2541 1118 2603 quinque
1169 2540 1415 2587 lemmatis
1454 2540 1610 2587 verba
1649 2557 1676 2586 e
1716 2540 1912 2596 Colace,

358 2640 506 2686 quam
558 2624 661 2685 ipse
714 2640 812 2670 non
867 2623 1095 2686 inspexit,
1135 2625 1174 2688 3)
1214 2623 1455 2671 translata
1493 2641 1616 2677 esse,
1658 2625 1745 2670 sed
1785 2625 1911 2679 ideo,

506 2812 540 2860 Ι)
598 2810 658 2849 Cf.
690 2823 727 2859 p.
759 2812 821 2848 28.

500 2890 540 2936 2)
597 2888 658 2925 Cf.
690 2901 728 2936 p.
763 2898 821 2934 32.

503 2965 540 3016 3)
597 2964 657 3003 Cf.
690 2976 727 3012 p.
765 2974 821 3002 10.
