2221 3526
944 1111 1249 1158 CAPUT
1309 1112 1492 1159 VIII.

820 1369 902 1405 DE
946 1368 1296 1405 MENANDRI
1343 1369 1622 1406 COLACE.

581 1611 773 1658 Omnes
825 1612 924 1658 fere
971 1630 1017 1658 V.
1060 1613 1124 1666 d.,
1167 1611 1249 1674 qui
1289 1613 1350 1658 de
1392 1612 1617 1658 Eunuchi
1659 1612 1994 1660 Terentianae

436 1694 795 1756 compositione
850 1694 1170 1756 scripserunt,
1225 1695 1359 1741 omni
1411 1712 1526 1741 cura
1566 1694 1893 1743 incubuerunt
1931 1698 1993 1743 ad

438 1777 731 1823 Eunuchum
773 1778 1017 1824 Graecam
1060 1778 1431 1832 restituendam,
1475 1777 1704 1825 Colacem
1735 1779 1993 1826 restituere

437 1878 583 1907 nemo
634 1871 839 1907 conatus
890 1873 978 1908 est.
1034 1862 1342 1908 GRAUERTUS
1393 1872 1585 1908 tantum
1626 1873 1675 1909 et
1715 1862 1994 1910 chmms

436 1944 715 2005 fragmenta
754 1945 998 2006 quaedam
1040 1944 1301 1992 laudantes
1341 1944 1578 1991 nonnulla
1613 1945 1994 2007 disputaverunt

436 2028 497 2073 de
550 2027 641 2073 hac
692 2026 872 2074 fabula.
921 2027 1160 2074 Attamen
1203 2027 1320 2073 mihi
1360 2027 1556 2074 videtur
1596 2028 1698 2074 fieri
1738 2046 1899 2089 posse,
1942 2040 1994 2076 ut

437 2109 581 2156 huius
632 2127 830 2172 quoque
881 2110 1077 2158 fabulae
1128 2111 1351 2157 ordinem
1404 2121 1452 2157 et
1505 2128 1685 2157 nexum
1728 2111 1991 2158 maximam

437 2203 627 2254 partem
669 2210 1045 2255 consequamur,
1086 2194 1277 2240 etiamsi
1320 2211 1416 2239 non
1458 2204 1531 2240 tot
1557 2212 1767 2241 scaenae
1793 2196 1989 2242 adeam

438 2276 725 2322 referendae
764 2276 876 2330 sint,
919 2287 1040 2338 quot
1078 2277 1141 2323 ad
1171 2276 1467 2322 Eunuchum
1499 2294 1657 2339 neque
1686 2276 1839 2324 multa
1865 2277 1991 2339 frag-

437 2369 605 2405 menta
641 2359 906 2420 supersint.
946 2359 981 2423 1)

580 2442 621 2487 E
672 2441 912 2502 personis,
966 2459 1088 2504 quas
1139 2442 1185 2487 in
1235 2442 1528 2487 Eunuchum
1568 2459 1705 2488 suam
1745 2460 1772 2489 e
1813 2442 1992 2489 Colace

394 2518 401 2523 ’
436 2524 686 2571 transtulit
726 2525 993 2571 Terentius
1023 2525 1299 2571 nominavit
1326 2535 1515 2571 tantum
1545 2524 1748 2572 militem
1777 2536 1826 2572 et
1853 2543 1992 2587 para—

436 2607 583 2654 situm
635 2607 778 2670 (prol.
829 2623 894 2667 30
932 2608 1077 2671 sqq),
1119 2608 1205 2654 sed
1245 2608 1459 2654 vidimus
1499 2608 1590 2653 hos
1628 2625 1802 2655 versus
1840 2609 1991 2670 impe-

436 2690 658 2737 dimento
683 2705 796 2736 ‘non
837 2708 960 2744 esse,
1002 2691 1268 2752 quominus
1307 2708 1598 2737 censeamus
1637 2691 1757 2738 alias
1795 2709 1992 2754 quoque

437 2790 676 2835 personas
714 2790 776 2819 ex
815 2790 874 2820 ea
912 2773 1078 2820 fabula
1118 2774 1332 2821 fluxisse.

584 2925 616 2975 1)
673 2926 737 2962 Ad
778 2925 972 2963 Colacem
1011 2925 1105 2962 mihi
1144 2926 1335 2963 videntur
1373 2925 1581 2973 pertinere
1622 2926 1665 2963 II.
1704 2936 1738 2973 2,
1778 2926 1839 2972 ΙΙΙ,
1886 2936 1914 2963 1.
1956 2937 1990 2973 2,

436 2990 502 3027 IV.
540 3000 569 3027 1.
603 2998 634 3037 5.
665 2990 700 3026 6.
734 2998 767 3036 7,
798 2990 846 3026 V.
879 2998 912 3036 7.
946 2991 978 3027 8.
