2221 3526
951 281 973 325 5

324 424 562 469 personas
602 406 911 453 transtulisse
953 407 999 451 in
1043 406 1340 451 Eunuchum
1382 423 1520 452 suam

322 508 382 537 ex
423 490 643 543 Graeca;
685 489 771 535 scd
811 506 895 534 eas
934 489 996 535 ab
1036 488 1142 534 aliis
1181 488 1334 535 factas
1374 489 1509 549 prius
1546 491 1581 552 1)

323 571 526 619 Latinas
565 571 714 618 scisse
754 589 878 625 sese,
921 572 968 617 id
1010 588 1130 617 vero
1170 582 1429 633 pernegat.

323 679 463 725 Haec
513 679 735 738 graviter
788 679 919 725 dicta
966 679 1171 725 fortasse
1211 679 1513 726 suffecerunt
1551 690 1739 740 specta-

178 762 382 817 toribus,
419 763 506 809 sed
535 762 726 824 placide
757 762 1088 823 perpendenti
1118 762 1200 808 vix
1227 762 1461 808 credibile
1490 762 1740 808 videbitur

178 844 472 892 Terentium
532 862 733 907 prorsus
792 845 1051 905 ignorasse
1111 862 1200 891 nec
1258 862 1346 907 per
1406 845 1731 906 Turpionem,

174 928 344 989 gregis
384 928 692 989 magistrum,
739 945 972 990 umquam
1003 927 1252 989 accepisse
1281 938 1475 974 exstare
1505 927 1737 975 Colacem

177 1011 356 1058 Naevii
413 1022 462 1059 et
522 1011 695 1065 Plauti,
756 1029 866 1058 cum
908 1012 969 1058 de
1023 1011 1129 1058 aliis
1183 1011 1341 1059 Plauti
1393 1011 1570 1058 fabulis
1620 1011 1738 1058 satis

173 1104 454 1141 accuratam
503 1095 709 1141 haberet
752 1095 994 1148 notitiam,
1037 1094 1191 1141 veluti
1232 1095 1375 1149 hanc,
1418 1095 1465 1140 in
1507 1094 1737 1140 Commou

175 1177 415 1225 rientibus
475 1177 703 1224 Plautum
766 1179 990 1224 Graecae
1049 1178 1244 1224 fabulae
1285 1178 1445 1224 locum
1487 1178 1734 1239 integrum

174 1260 429 1323 reliquisse
470 1261 710 1324 (Adelph.
756 1261 879 1322 prol.
925 1278 953 1320 9
994 1261 1140 1324 sqq).

317 1344 423 1391 Nec
462 1362 590 1406 quae
631 1345 692 1390 de
733 1344 960 1406 personis
987 1343 1186 1390 comicis
1214 1344 1471 1391 contendit
1498 1343 1735 1405 prologus

172 1445 219 1474 v.
264 1441 324 1487 35
367 1445 477 1490 sqq.
520 1438 651 1474 recte
690 1445 742 1474 se
783 1427 997 1474 habent:

315 1535 463 1597 Quod
503 1535 541 1581 si
582 1535 810 1596 personis
850 1535 1005 1581 isdem
1048 1534 1160 1580 huic
1200 1535 1268 1581 uti
1311 1552 1408 1581 non
1450 1534 1562 1581 licet

299 1618 396 1680 ·qui
437 1619 596 1679 magis
635 1618 747 1665 licet
787 1629 1069 1665 currentem
1109 1635 1308 1664 servom
1348 1618 1578 1673 scribere,

313 1701 471 1748 bonas
512 1713 764 1749 matronas
804 1702 980 1756 facere,
1024 1702 1307 1748 meretrices
1346 1701 1515 1756 malas,

313 1785 603 1848 (parasitum
645 1785 865 1840 edacem,
907 1785 1179 1847 gloriosum
1220 1785 1463 1849 militem,)
1494 1786 1534 1849 2)

314 1934 348 1976 Ι)
404 1933 447 1970 In
489 1932 701 1970 codicibus
742 1933 915 1982 legitur:
956 1945 1028 1970 cas
1065 1933 1223 1970 fabulas
1254 1933 1386 1970 factas
1418 1933 1530 1980 prius
1560 1933 1728 1969 Latinas

166 2009 279 2045 e.q.s.
332 1998 397 2035 Ex
436 1998 497 2035 his
537 1999 677 2035 verbis
708 2011 788 2035 non
820 2003 960 2046 potest
991 1998 1083 2035 elici
1113 2011 1282 2036 sensus:
1314 2010 1386 2035 eas
1417 1998 1574 2036 fabulas
1605 1996 1727 2048 (quae

164 2063 292 2100 verba
330 2063 548 2101 referenda
588 2069 683 2100 sunt
723 2064 773 2101 ad
814 2077 850 2101 v.
893 2072 961 2111 25:
1006 2064 1201 2102 Colacem
1240 2064 1370 2101 Naevi
1401 2069 1443 2101 et
1472 2064 1618 2110 Plauti)
1647 2063 1726 2100 iam

164 2128 310 2166 Latine
340 2134 523 2167 exstare.
572 2129 711 2167 Verba
742 2142 839 2176 „eas
870 2129 1055 2167 fabulas”
1086 2129 1323 2167 necessario
1346 2129 1610 2179 intelligenda
1632 2133 1726 2166 sunt

163 2194 215 2231 de
231 2193 378 2232 sabulis
392 2194 563 2232 Graecis
576 2195 721 2232 Latine
741 2195 924 2232 redditis.
949 2195 1164 2243 Quaenam
1180 2195 1342 2232 fabulae
1361 2195 1571 2232 Graecae?
1593 2195 1725 2232 Minus

163 2264 278 2296 recte
307 2260 514 2297 Bentleius
548 2260 666 2298 dicit:
713 2260 908 2298 Colacem
940 2266 981 2297 et
1011 2261 1255 2297 Eunuchum
1285 2260 1512 2306 Menandri,
1542 2259 1610 2310 (cf.
1640 2260 1724 2296 Rit-

164 2324 340 2362 schelius
383 2325 547 2375 Parerg.
593 2338 631 2373 p.
682 2335 765 2372 103.
822 2325 949 2363 Fabia
993 2325 1087 2363 Ter.
1133 2326 1236 2363 Eun.
1266 2338 1304 2374 p.
1335 2326 1402 2376 69)
1441 2337 1576 2373 neque
1615 2325 1723 2362 aliud

163 2389 386 2437 quidquam
429 2395 505 2437 est,
550 2390 601 2428 ad
640 2392 751 2438 quod
789 2391 916 2428 verba
956 2390 1020 2428 illa
1060 2391 1204 2428 referri
1241 2391 1412 2439 possint.
1468 2391 1570 2429 Cum
1601 2391 1723 2440 igitur

161 2454 361 2502 explicari
401 2460 620 2503 nequeant,
661 2455 909 2493 Ritschelius
946 2457 1143 2494 coniecit:
1184 2468 1256 2493 eas
1286 2456 1389 2506 (scil.
1420 2460 1640 2505 personas)
1669 2455 1722 2493 ab

161 2518 269 2567 aliis;
309 2519 579 2557 Fleckeisen:
621 2533 670 2558 ea
709 2533 762 2558 ex
801 2520 959 2568 fabuia;
1000 2521 1182 2571 Kayser:
1223 2533 1313 2558 eam
1352 2521 1530 2559 fabulam
1569 2521 1721 2559 factam

159 2585 273 2632 prius
303 2585 510 2632 Latinam3
551 2585 755 2635 Wagner:
795 2599 865 2623 cas
903 2588 1137 2637 (personas)
1176 2587 1323 2624 sabulis
1355 2591 1467 2624 actas
1498 2587 1610 2635 prius
1640 2588 1720 2624 La-

159 2649 265 2686 tinis.
309 2649 465 2697 Recepi
495 2641 706 2687 Ritsch'elii
738 2651 1030 2689 coniecturam.

303 2738 342 2788 2)
398 2738 519 2775 Hunc
550 2751 728 2787 versum,
760 2753 783 2778 a
812 2741 1027 2778 Lornanno
1057 2740 1196 2791 (Spec.
1230 2742 1374 2791 critic.)
1405 2746 1447 2778 et
1468 2742 1718 2780 Dziatzkone

159 2803 408 2848 damnatum,
447 2803 574 2841 Fabia
613 2804 670 2854 (in
705 2806 819 2849 edit.)
849 2806 1001 2843 frustra
1031 2806 1258 2844 defendere
1290 2813 1462 2844 conatus
1493 2813 1568 2844 est.
1615 2807 1718 2845 Cum

159 2868 298 2905 verbis
337 2868 554 2916 „personis
594 2870 749 2906 isdem*
781 2876 823 2907 et
854 2871 997 2917 „huic”
1030 2877 1174 2919 aperte
1205 2873 1474 2921 designentur
1505 2873 1645 2919 „miles
1675 2878 1719 2910 et

158 2933 389 2980 parasitus''
429 2939 470 2971 et
509 2934 796 2982 ‚,Terentius'⁷‚
836 2941 931 2983 post
971 2937 1063 2973 adv.
1103 2938 1233 2986 magis
1271 2939 1323 2985 (v.
1365 2938 1430 2988 36)
1469 2949 1549 2974 non
1580 2938 1715 2975 denuo

158 2997 274 3035 miles
305 3003 347 3035 et
376 2999 581 3046 parasitus
614 3002 926 3038 commemorari
957 3007 1142 3049 possunt.
