<?xml version="1.0" encoding="UTF-8"?>
<!DOCTYPE html PUBLIC "-//W3C//DTD XHTML 1.0 Transitional//EN"
    "http://www.w3.org/TR/xhtml1/DTD/xhtml1-transitional.dtd">
<html xmlns="http://www.w3.org/1999/xhtml" xml:lang="en" lang="en">
 <head>
  <title>
</title>
<meta http-equiv="Content-Type" content="text/html;charset=utf-8" />
  <meta name='ocr-system' content='tesseract 3.04.00' />
  <meta name='ocr-capabilities' content='ocr_page ocr_carea ocr_par ocr_line ocrx_word'/>
</head>
<body>
  <div class='ocr_page' id='page_1' title='image "./deeunuchiterenti00oudeuoft_0094.png"; bbox 0 0 2221 3526; ppageno 0'>
   <div class='ocr_carea' id='block_1_1' title="bbox 1176 262 1241 306">
    <p class='ocr_par' dir='ltr' id='par_1_1' title="bbox 1176 262 1241 306">
     <span class='ocr_line' id='line_1_1' title="bbox 1176 262 1241 306; baseline 0 0"><span class='ocrx_word' id='word_1_1' title='bbox 1176 262 1241 306; x_wconf 73' lang='lat'>80</span> 
     </span>
    </p>
   </div>
   <div class='ocr_carea' id='block_1_2' title="bbox 428 401 1984 2379">
    <p class='ocr_par' dir='ltr' id='par_1_2' title="bbox 430 401 1984 633">
     <span class='ocr_line' id='line_1_2' title="bbox 430 401 1980 465; baseline -0.001 -15"><span class='ocrx_word' id='word_1_2' title='bbox 430 419 603 465; x_wconf 90' lang='lat' dir='ltr'>parum</span> <span class='ocrx_word' id='word_1_3' title='bbox 643 403 907 451; x_wconf 87' lang='lat' dir='ltr'>verisimile</span> <span class='ocrx_word' id='word_1_4' title='bbox 935 415 1024 459; x_wconf 89' lang='lat' dir='ltr'>est,</span> <span class='ocrx_word' id='word_1_5' title='bbox 1054 404 1361 450; x_wconf 78' lang='lat' dir='ltr'>meretricem</span> <span class='ocrx_word' id='word_1_6' title='bbox 1390 401 1757 449; x_wconf 78' lang='lat' dir='ltr'>adulescentem</span> <span class='ocrx_word' id='word_1_7' title='bbox 1787 418 1980 463; x_wconf 73' lang='lat' dir='ltr'>rogare,</span> 
     </span>
     <span class='ocr_line' id='line_1_3' title="bbox 431 484 1984 543; baseline -0.001 -10"><span class='ocrx_word' id='word_1_8' title='bbox 431 498 482 534; x_wconf 91' lang='lat' dir='ltr'>ut</span> <span class='ocrx_word' id='word_1_9' title='bbox 531 504 695 534; x_wconf 90' lang='lat' dir='ltr'>secum</span> <span class='ocrx_word' id='word_1_10' title='bbox 746 488 946 534; x_wconf 90' lang='lat' dir='ltr'>domum</span> <span class='ocrx_word' id='word_1_11' title='bbox 999 488 1163 543; x_wconf 86' lang='lat' dir='ltr'>intret,</span> <span class='ocrx_word' id='word_1_12' title='bbox 1215 498 1264 534; x_wconf 90' lang='lat' dir='ltr'>et</span> <span class='ocrx_word' id='word_1_13' title='bbox 1312 487 1404 533; x_wconf 93' lang='lat' dir='ltr'>hac</span> <span class='ocrx_word' id='word_1_14' title='bbox 1454 487 1516 532; x_wconf 91' lang='lat' dir='ltr'>de</span> <span class='ocrx_word' id='word_1_15' title='bbox 1567 502 1618 532; x_wconf 92' lang='lat' dir='ltr'>re</span> <span class='ocrx_word' id='word_1_16' title='bbox 1657 502 1766 531; x_wconf 90' lang='lat' dir='ltr'>cum</span> <span class='ocrx_word' id='word_1_17' title='bbox 1806 484 1984 531; x_wconf 89' lang='lat' dir='ltr'>ancilla</span> 
     </span>
     <span class='ocr_line' id='line_1_4' title="bbox 430 569 1768 633; baseline -0.002 -16"><span class='ocrx_word' id='word_1_18' title='bbox 430 570 657 633; x_wconf 85' lang='lat' dir='ltr'>colloqui,</span> <span class='ocrx_word' id='word_1_19' title='bbox 697 571 737 616; x_wconf 92' lang='lat' dir='ltr'>si</span> <span class='ocrx_word' id='word_1_20' title='bbox 774 571 964 632; x_wconf 78' lang='lat' dir='ltr'>agnitio</span> <span class='ocrx_word' id='word_1_21' title='bbox 1004 588 1168 617; x_wconf 87' lang='lat' dir='ltr'>coram</span> <span class='ocrx_word' id='word_1_22' title='bbox 1209 571 1265 617; x_wconf 92' lang='lat' dir='ltr'>iis</span> <span class='ocrx_word' id='word_1_23' title='bbox 1305 570 1352 616; x_wconf 91' lang='lat' dir='ltr'>in</span> <span class='ocrx_word' id='word_1_24' title='bbox 1393 585 1572 615; x_wconf 91' lang='lat' dir='ltr'>scaena</span> <span class='ocrx_word' id='word_1_25' title='bbox 1613 569 1768 615; x_wconf 89' lang='lat' dir='ltr'>fieret.</span> 
     </span>
    </p>

    <p class='ocr_par' dir='ltr' id='par_1_3' title="bbox 428 651 1984 1378">
     <span class='ocr_line' id='line_1_5' title="bbox 573 651 1982 716; baseline -0.003 -16"><span class='ocrx_word' id='word_1_26' title='bbox 573 654 841 716; x_wconf 86' lang='lat' dir='ltr'>Postquam</span> <span class='ocrx_word' id='word_1_27' title='bbox 882 654 1085 715; x_wconf 80' lang='lat' dir='ltr'>Pythias</span> <span class='ocrx_word' id='word_1_28' title='bbox 1125 653 1334 700; x_wconf 83' lang='lat' dir='ltr'>Thaidis</span> <span class='ocrx_word' id='word_1_29' title='bbox 1372 654 1573 699; x_wconf 89' lang='lat' dir='ltr'>domum</span> <span class='ocrx_word' id='word_1_30' title='bbox 1614 651 1831 706; x_wconf 85' lang='lat' dir='ltr'>intravit,</span> <span class='ocrx_word' id='word_1_31' title='bbox 1870 651 1982 697; x_wconf 90' lang='lat' dir='ltr'>Par-</span> 
     </span>
     <span class='ocr_line' id='line_1_6' title="bbox 431 733 1983 799; baseline -0.003 -16"><span class='ocrx_word' id='word_1_32' title='bbox 431 754 577 783; x_wconf 88' lang='lat' dir='ltr'>meno</span> <span class='ocrx_word' id='word_1_33' title='bbox 617 737 781 798; x_wconf 86' lang='lat' dir='ltr'>prodit</span> <span class='ocrx_word' id='word_1_34' title='bbox 820 737 901 799; x_wconf 89' lang='lat' dir='ltr'>(V.</span> <span class='ocrx_word' id='word_1_35' title='bbox 943 737 994 799; x_wconf 85' lang='lat'>4)</span> <span class='ocrx_word' id='word_1_36' title='bbox 1023 736 1299 783; x_wconf 85' lang='lat' dir='ltr'>Chaeream</span> <span class='ocrx_word' id='word_1_37' title='bbox 1327 735 1596 782; x_wconf 86' lang='lat' dir='ltr'>convenire</span> <span class='ocrx_word' id='word_1_38' title='bbox 1624 735 1840 796; x_wconf 89' lang='lat' dir='ltr'>cupiens.</span> <span class='ocrx_word' id='word_1_39' title='bbox 1882 733 1983 780; x_wconf 84' lang='lat' dir='ltr'>Sed</span> 
     </span>
     <span class='ocr_line' id='line_1_7' title="bbox 430 817 1983 881; baseline -0.002 -15"><span class='ocrx_word' id='word_1_40' title='bbox 430 837 545 866; x_wconf 75' lang='lat' dir='ltr'>mox</span> <span class='ocrx_word' id='word_1_41' title='bbox 598 820 798 881; x_wconf 86' lang='lat' dir='ltr'>Pythias</span> <span class='ocrx_word' id='word_1_42' title='bbox 850 819 976 865; x_wconf 88' lang='lat' dir='ltr'>redit</span> <span class='ocrx_word' id='word_1_43' title='bbox 1026 829 1075 866; x_wconf 91' lang='lat' dir='ltr'>et</span> <span class='ocrx_word' id='word_1_44' title='bbox 1124 836 1270 866; x_wconf 81' lang='lat' dir='ltr'>servo</span> <span class='ocrx_word' id='word_1_45' title='bbox 1322 819 1586 880; x_wconf 83' lang='lat' dir='ltr'>persuadet</span> <span class='ocrx_word' id='word_1_46' title='bbox 1639 817 1913 864; x_wconf 84' lang='lat' dir='ltr'>Chaeream</span> <span class='ocrx_word' id='word_1_47' title='bbox 1955 834 1983 863; x_wconf 89' lang='lat' dir='ltr'>a</span> 
     </span>
     <span class='ocr_line' id='line_1_8' title="bbox 431 900 1981 964; baseline -0.002 -16"><span class='ocrx_word' id='word_1_48' title='bbox 431 903 695 949; x_wconf 87' lang='lat' dir='ltr'>Chremete</span> <span class='ocrx_word' id='word_1_49' title='bbox 752 902 958 964; x_wconf 84' lang='lat' dir='ltr'>turpiter</span> <span class='ocrx_word' id='word_1_50' title='bbox 1015 902 1238 964; x_wconf 88' lang='lat' dir='ltr'>punitum</span> <span class='ocrx_word' id='word_1_51' title='bbox 1298 901 1352 948; x_wconf 89' lang='lat' dir='ltr'>iri</span> <span class='ocrx_word' id='word_1_52' title='bbox 1404 901 1467 947; x_wconf 89' lang='lat' dir='ltr'>ob</span> <span class='ocrx_word' id='word_1_53' title='bbox 1518 901 1700 947; x_wconf 89' lang='lat' dir='ltr'>sororis</span> <span class='ocrx_word' id='word_1_54' title='bbox 1758 900 1981 946; x_wconf 89' lang='lat' dir='ltr'>iniuriam</span> 
     </span>
     <span class='ocr_line' id='line_1_9' title="bbox 431 982 1984 1046; baseline -0.003 -15"><span class='ocrx_word' id='word_1_55' title='bbox 431 986 661 1032; x_wconf 89' lang='lat' dir='ltr'>Metuens</span> <span class='ocrx_word' id='word_1_56' title='bbox 713 985 967 1031; x_wconf 88' lang='lat' dir='ltr'>Chaereae</span> <span class='ocrx_word' id='word_1_57' title='bbox 1008 985 1085 1030; x_wconf 93' lang='lat' dir='ltr'>hic</span> <span class='ocrx_word' id='word_1_58' title='bbox 1123 985 1270 1045; x_wconf 76' lang='lat' dir='ltr'>igitur</span> <span class='ocrx_word' id='word_1_59' title='bbox 1309 995 1463 1031; x_wconf 90' lang='lat' dir='ltr'>totam</span> <span class='ocrx_word' id='word_1_60' title='bbox 1504 1000 1606 1029; x_wconf 90' lang='lat' dir='ltr'>rem</span> <span class='ocrx_word' id='word_1_61' title='bbox 1646 983 1773 1044; x_wconf 89' lang='lat' dir='ltr'>patri</span> <span class='ocrx_word' id='word_1_62' title='bbox 1805 984 1840 1046; x_wconf 91' lang='lat'>1)</span> <span class='ocrx_word' id='word_1_63' title='bbox 1880 982 1984 1028; x_wconf 88' lang='lat' dir='ltr'>eius</span> 
     </span>
     <span class='ocr_line' id='line_1_10' title="bbox 428 1065 1983 1130; baseline -0.003 -17"><span class='ocrx_word' id='word_1_64' title='bbox 428 1067 648 1129; x_wconf 78' lang='lat' dir='ltr'>exponit,</span> <span class='ocrx_word' id='word_1_65' title='bbox 690 1067 771 1130; x_wconf 86' lang='lat' dir='ltr'>qui</span> <span class='ocrx_word' id='word_1_66' title='bbox 809 1067 935 1113; x_wconf 87' lang='lat' dir='ltr'>forte</span> <span class='ocrx_word' id='word_1_67' title='bbox 975 1084 1084 1113; x_wconf 88' lang='lat' dir='ltr'>rure</span> <span class='ocrx_word' id='word_1_68' title='bbox 1123 1067 1171 1113; x_wconf 90' lang='lat' dir='ltr'>in</span> <span class='ocrx_word' id='word_1_69' title='bbox 1212 1067 1383 1112; x_wconf 91' lang='lat' dir='ltr'>urbem</span> <span class='ocrx_word' id='word_1_70' title='bbox 1424 1075 1632 1112; x_wconf 86' lang='lat' dir='ltr'>venerat</span> <span class='ocrx_word' id='word_1_71' title='bbox 1658 1065 1740 1128; x_wconf 84' lang='lat' dir='ltr'>(V.</span> <span class='ocrx_word' id='word_1_72' title='bbox 1776 1065 1838 1128; x_wconf 81' lang='lat'>5).</span> <span class='ocrx_word' id='word_1_73' title='bbox 1888 1065 1983 1127; x_wconf 87' lang='lat' dir='ltr'>Qui</span> 
     </span>
     <span class='ocr_line' id='line_1_11' title="bbox 429 1148 1983 1212; baseline -0.002 -16"><span class='ocrx_word' id='word_1_74' title='bbox 429 1168 536 1197; x_wconf 91' lang='lat' dir='ltr'>cum</span> <span class='ocrx_word' id='word_1_75' title='bbox 578 1150 786 1197; x_wconf 85' lang='lat' dir='ltr'>Thaidis</span> <span class='ocrx_word' id='word_1_76' title='bbox 825 1151 1024 1196; x_wconf 90' lang='lat' dir='ltr'>domum</span> <span class='ocrx_word' id='word_1_77' title='bbox 1065 1150 1334 1212; x_wconf 81' lang='lat' dir='ltr'>irrupisset,</span> <span class='ocrx_word' id='word_1_78' title='bbox 1378 1149 1582 1211; x_wconf 85' lang='lat' dir='ltr'>Pythias</span> <span class='ocrx_word' id='word_1_79' title='bbox 1620 1149 1784 1194; x_wconf 90' lang='lat' dir='ltr'>denuo</span> <span class='ocrx_word' id='word_1_80' title='bbox 1819 1148 1983 1209; x_wconf 86' lang='lat' dir='ltr'>prodit</span> 
     </span>
     <span class='ocr_line' id='line_1_12' title="bbox 428 1230 1984 1297; baseline -0.003 -18"><span class='ocrx_word' id='word_1_81' title='bbox 428 1234 510 1297; x_wconf 83' lang='lat' dir='ltr'>(V.</span> <span class='ocrx_word' id='word_1_82' title='bbox 554 1234 602 1295; x_wconf 84' lang='lat'>6)</span> <span class='ocrx_word' id='word_1_83' title='bbox 642 1244 691 1280; x_wconf 90' lang='lat' dir='ltr'>et</span> <span class='ocrx_word' id='word_1_84' title='bbox 730 1233 1091 1279; x_wconf 89' lang='lat' dir='ltr'>Parmenonem</span> <span class='ocrx_word' id='word_1_85' title='bbox 1131 1232 1338 1286; x_wconf 88' lang='lat' dir='ltr'>deridet,</span> <span class='ocrx_word' id='word_1_86' title='bbox 1380 1231 1518 1294; x_wconf 86' lang='lat' dir='ltr'>quasi</span> <span class='ocrx_word' id='word_1_87' title='bbox 1553 1230 1828 1277; x_wconf 87' lang='lat' dir='ltr'>Chaeream</span> <span class='ocrx_word' id='word_1_88' title='bbox 1856 1240 1905 1276; x_wconf 94' lang='lat' dir='ltr'>et</span> <span class='ocrx_word' id='word_1_89' title='bbox 1932 1246 1984 1275; x_wconf 89' lang='lat' dir='ltr'>se</span> 
     </span>
     <span class='ocr_line' id='line_1_13' title="bbox 429 1315 911 1378; baseline 0 -16"><span class='ocrx_word' id='word_1_90' title='bbox 429 1317 586 1378; x_wconf 88' lang='lat' dir='ltr'>ipsum</span> <span class='ocrx_word' id='word_1_91' title='bbox 626 1315 911 1377; x_wconf 86' lang='lat' dir='ltr'>perdiderit.</span> 
     </span>
    </p>

    <p class='ocr_par' dir='ltr' id='par_1_4' title="bbox 428 1396 1984 2379">
     <span class='ocr_line' id='line_1_14' title="bbox 571 1396 1983 1446; baseline -0.002 -1"><span class='ocrx_word' id='word_1_92' title='bbox 571 1399 733 1446; x_wconf 86' lang='lat' dir='ltr'>Etiam</span> <span class='ocrx_word' id='word_1_93' title='bbox 785 1398 833 1445; x_wconf 91' lang='lat' dir='ltr'>in</span> <span class='ocrx_word' id='word_1_94' title='bbox 886 1399 960 1445; x_wconf 92' lang='lat' dir='ltr'>his</span> <span class='ocrx_word' id='word_1_95' title='bbox 1012 1398 1279 1445; x_wconf 88' lang='lat' dir='ltr'>Terentius</span> <span class='ocrx_word' id='word_1_96' title='bbox 1330 1396 1579 1443; x_wconf 87' lang='lat' dir='ltr'>nonnullis</span> <span class='ocrx_word' id='word_1_97' title='bbox 1631 1415 1676 1443; x_wconf 85' lang='lat' dir='ltr'>v.</span> <span class='ocrx_word' id='word_1_98' title='bbox 1717 1397 1764 1443; x_wconf 89' lang='lat' dir='ltr'>d.</span> <span class='ocrx_word' id='word_1_99' title='bbox 1811 1413 1839 1442; x_wconf 85' lang='lat' dir='ltr'>a</span> <span class='ocrx_word' id='word_1_100' title='bbox 1879 1396 1983 1442; x_wconf 89' lang='lat' dir='ltr'>Me-</span> 
     </span>
     <span class='ocr_line' id='line_1_15' title="bbox 429 1480 1984 1540; baseline -0.003 -11"><span class='ocrx_word' id='word_1_101' title='bbox 429 1483 621 1529; x_wconf 89' lang='lat' dir='ltr'>nandro</span> <span class='ocrx_word' id='word_1_102' title='bbox 677 1482 959 1528; x_wconf 85' lang='lat' dir='ltr'>discessisse</span> <span class='ocrx_word' id='word_1_103' title='bbox 1016 1482 1225 1528; x_wconf 89' lang='lat' dir='ltr'>videtur.</span> <span class='ocrx_word' id='word_1_104' title='bbox 1306 1481 1389 1527; x_wconf 79' lang='lat' dir='ltr'>Ad</span> <span class='ocrx_word' id='word_1_105' title='bbox 1448 1481 1508 1527; x_wconf 87' lang='lat' dir='ltr'>V.</span> <span class='ocrx_word' id='word_1_106' title='bbox 1554 1495 1598 1540; x_wconf 80' lang='lat'>5.</span> <span class='ocrx_word' id='word_1_107' title='bbox 1644 1496 1699 1540; x_wconf 82' lang='lat'>31</span> <span class='ocrx_word' id='word_1_108' title='bbox 1756 1480 1984 1525; x_wconf 88' lang='lat' dir='ltr'>Donatus</span> 
     </span>
     <span class='ocr_line' id='line_1_16' title="bbox 428 1562 1980 1629; baseline -0.003 -17"><span class='ocrx_word' id='word_1_109' title='bbox 428 1566 570 1613; x_wconf 88' lang='lat' dir='ltr'>dicit:</span> <span class='ocrx_word' id='word_1_110' title='bbox 618 1582 693 1620; x_wconf 92' lang='lat'>„1.</span> <span class='ocrx_word' id='word_1_111' title='bbox 736 1566 896 1629; x_wconf 85' lang='lat' dir='ltr'>Quam</span> <span class='ocrx_word' id='word_1_112' title='bbox 936 1565 1000 1611; x_wconf 84' lang='lat' dir='ltr'>ob</span> <span class='ocrx_word' id='word_1_113' title='bbox 1041 1582 1142 1611; x_wconf 84' lang='lat' dir='ltr'>rem</span> <span class='ocrx_word' id='word_1_114' title='bbox 1184 1564 1379 1626; x_wconf 76' lang='lat' dir='ltr'>insigne</span> <span class='ocrx_word' id='word_1_115' title='bbox 1413 1563 1596 1626; x_wconf 85' lang='lat' dir='ltr'>aliquid</span> <span class='ocrx_word' id='word_1_116' title='bbox 1624 1563 1832 1610; x_wconf 88' lang='lat' dir='ltr'>faceret:</span> <span class='ocrx_word' id='word_1_117' title='bbox 1877 1562 1980 1608; x_wconf 86' lang='lat' dir='ltr'>Ma-</span> 
     </span>
     <span class='ocr_line' id='line_1_17' title="bbox 434 1645 1982 1710; baseline -0.003 -15"><span class='ocrx_word' id='word_1_118' title='bbox 434 1649 683 1704; x_wconf 86' lang='lat' dir='ltr'>„nifestius</span> <span class='ocrx_word' id='word_1_119' title='bbox 721 1651 815 1695; x_wconf 93' lang='lat' dir='ltr'>hoc</span> <span class='ocrx_word' id='word_1_120' title='bbox 855 1649 1136 1695; x_wconf 87' lang='lat' dir='ltr'>Menander</span> <span class='ocrx_word' id='word_1_121' title='bbox 1173 1647 1388 1710; x_wconf 77' lang='lat' dir='ltr'>explicat</span> <span class='ocrx_word' id='word_1_122' title='bbox 1427 1646 1718 1709; x_wconf 89' lang='lat' dir='ltr'>iampridem</span> <span class='ocrx_word' id='word_1_123' title='bbox 1753 1645 1982 1693; x_wconf 85' lang='lat' dir='ltr'>infestum</span> 
     </span>
     <span class='ocr_line' id='line_1_18' title="bbox 434 1729 1981 1794; baseline -0.002 -17"><span class='ocrx_word' id='word_1_124' title='bbox 434 1732 705 1788; x_wconf 87' lang='lat' dir='ltr'>„meretrici</span> <span class='ocrx_word' id='word_1_125' title='bbox 744 1749 913 1778; x_wconf 88' lang='lat' dir='ltr'>senem</span> <span class='ocrx_word' id='word_1_126' title='bbox 953 1742 1156 1794; x_wconf 84' lang='lat' dir='ltr'>propter</span> <span class='ocrx_word' id='word_1_127' title='bbox 1183 1741 1466 1792; x_wconf 87' lang='lat' dir='ltr'>corruptum</span> <span class='ocrx_word' id='word_1_128' title='bbox 1494 1730 1556 1776; x_wconf 89' lang='lat' dir='ltr'>ab</span> <span class='ocrx_word' id='word_1_129' title='bbox 1584 1746 1642 1776; x_wconf 87' lang='lat' dir='ltr'>ea</span> <span class='ocrx_word' id='word_1_130' title='bbox 1670 1729 1981 1782; x_wconf 88' lang='lat' dir='ltr'>Phaedriam,</span> 
     </span>
     <span class='ocr_line' id='line_1_19' title="bbox 435 1811 1980 1872; baseline -0.003 -10"><span class='ocrx_word' id='word_1_131' title='bbox 435 1833 593 1872; x_wconf 81' lang='lat' dir='ltr'>„nunc</span> <span class='ocrx_word' id='word_1_132' title='bbox 649 1816 846 1862; x_wconf 86' lang='lat' dir='ltr'>demum</span> <span class='ocrx_word' id='word_1_133' title='bbox 898 1832 950 1862; x_wconf 90' lang='lat' dir='ltr'>se</span> <span class='ocrx_word' id='word_1_134' title='bbox 1002 1815 1207 1862; x_wconf 81' lang='lat' dir='ltr'>inventa</span> <span class='ocrx_word' id='word_1_135' title='bbox 1258 1814 1516 1860; x_wconf 85' lang='lat' dir='ltr'>occasione</span> <span class='ocrx_word' id='word_1_136' title='bbox 1569 1811 1980 1859; x_wconf 83' lang='lat' dir='ltr'>vindicaturum&#39;’.</span> 
     </span>
     <span class='ocr_line' id='line_1_20' title="bbox 429 1896 1983 1960; baseline -0.002 -15"><span class='ocrx_word' id='word_1_137' title='bbox 429 1900 505 1945; x_wconf 78' lang='lat' dir='ltr'>Ex</span> <span class='ocrx_word' id='word_1_138' title='bbox 557 1899 633 1945; x_wconf 91' lang='lat' dir='ltr'>his</span> <span class='ocrx_word' id='word_1_139' title='bbox 682 1898 849 1945; x_wconf 84' lang='lat' dir='ltr'>verbis</span> <span class='ocrx_word' id='word_1_140' title='bbox 901 1899 1211 1945; x_wconf 73' lang='lat' dir='ltr'>GRAUERTUs</span> <span class='ocrx_word' id='word_1_141' title='bbox 1249 1908 1299 1944; x_wconf 90' lang='lat' dir='ltr'>et</span> <span class='ocrx_word' id='word_1_142' title='bbox 1340 1898 1597 1944; x_wconf 76' lang='lat' dir='ltr'>BRAUNIUs</span> <span class='ocrx_word' id='word_1_143' title='bbox 1633 1896 1675 1960; x_wconf 87' lang='lat'>2)</span> <span class='ocrx_word' id='word_1_144' title='bbox 1714 1897 1983 1943; x_wconf 81' lang='lat' dir='ltr'>effecerunt</span> 
     </span>
     <span class='ocr_line' id='line_1_21' title="bbox 428 1979 1982 2045; baseline -0.003 -16"><span class='ocrx_word' id='word_1_145' title='bbox 428 1983 585 2045; x_wconf 87' lang='lat' dir='ltr'>ipsum</span> <span class='ocrx_word' id='word_1_146' title='bbox 625 1999 795 2028; x_wconf 91' lang='lat' dir='ltr'>senem</span> <span class='ocrx_word' id='word_1_147' title='bbox 834 1982 881 2028; x_wconf 91' lang='lat' dir='ltr'>in</span> <span class='ocrx_word' id='word_1_148' title='bbox 922 1999 1101 2029; x_wconf 87' lang='lat' dir='ltr'>scaena</span> <span class='ocrx_word' id='word_1_149' title='bbox 1140 1982 1201 2028; x_wconf 90' lang='lat' dir='ltr'>de</span> <span class='ocrx_word' id='word_1_150' title='bbox 1241 1981 1498 2027; x_wconf 88' lang='lat' dir='ltr'>meretrice</span> <span class='ocrx_word' id='word_1_151' title='bbox 1537 1979 1816 2026; x_wconf 90' lang='lat' dir='ltr'>ulciscenda</span> <span class='ocrx_word' id='word_1_152' title='bbox 1855 1979 1982 2025; x_wconf 90' lang='lat' dir='ltr'>locu-</span> 
     </span>
     <span class='ocr_line' id='line_1_22' title="bbox 428 2062 1984 2127; baseline -0.001 -16"><span class='ocrx_word' id='word_1_153' title='bbox 428 2076 528 2112; x_wconf 92' lang='lat' dir='ltr'>tum</span> <span class='ocrx_word' id='word_1_154' title='bbox 581 2065 725 2111; x_wconf 86' lang='lat' dir='ltr'>fuisse</span> <span class='ocrx_word' id='word_1_155' title='bbox 776 2066 906 2127; x_wconf 90' lang='lat' dir='ltr'>apud</span> <span class='ocrx_word' id='word_1_156' title='bbox 947 2065 1296 2111; x_wconf 87' lang='lat' dir='ltr'>Menandrum.</span> <span class='ocrx_word' id='word_1_157' title='bbox 1358 2064 1631 2110; x_wconf 88' lang='lat' dir='ltr'>Grauertus</span> <span class='ocrx_word' id='word_1_158' title='bbox 1671 2063 1792 2109; x_wconf 93' lang='lat' dir='ltr'>haec</span> <span class='ocrx_word' id='word_1_159' title='bbox 1833 2062 1984 2110; x_wconf 88' lang='lat' dir='ltr'>habet</span> 
     </span>
     <span class='ocr_line' id='line_1_23' title="bbox 428 2144 1982 2211; baseline -0.003 -16"><span class='ocrx_word' id='word_1_160' title='bbox 428 2167 475 2211; x_wconf 92' lang='lat' dir='ltr'>p.</span> <span class='ocrx_word' id='word_1_161' title='bbox 513 2163 633 2208; x_wconf 81' lang='lat'>159;</span> <span class='ocrx_word' id='word_1_162' title='bbox 683 2148 820 2202; x_wconf 80' lang='lat' dir='ltr'>„Aus</span> <span class='ocrx_word' id='word_1_163' title='bbox 853 2149 949 2195; x_wconf 91' lang='lat' dir='ltr'>den</span> <span class='ocrx_word' id='word_1_164' title='bbox 978 2148 1158 2195; x_wconf 88' lang='lat' dir='ltr'>letzten</span> <span class='ocrx_word' id='word_1_165' title='bbox 1188 2148 1414 2201; x_wconf 87' lang='lat' dir='ltr'>Worten,</span> <span class='ocrx_word' id='word_1_166' title='bbox 1444 2163 1497 2192; x_wconf 93' lang='lat' dir='ltr'>se</span> <span class='ocrx_word' id='word_1_167' title='bbox 1551 2175 1590 2180; x_wconf 81' lang='lat'><em>—</em></span> <span class='ocrx_word' id='word_1_168' title='bbox 1618 2144 1982 2192; x_wconf 86' lang='lat' dir='ltr'>vindicaturum</span> 
     </span>
     <span class='ocr_line' id='line_1_24' title="bbox 428 2229 1982 2295; baseline -0.003 -16"><span class='ocrx_word' id='word_1_169' title='bbox 428 2231 659 2295; x_wconf 85' lang='lat' dir='ltr'>(welches</span> <span class='ocrx_word' id='word_1_170' title='bbox 698 2248 807 2277; x_wconf 92' lang='lat' dir='ltr'>eum</span> <span class='ocrx_word' id='word_1_171' title='bbox 848 2261 915 2266; x_wconf 86' lang='lat'>——</span> <span class='ocrx_word' id='word_1_172' title='bbox 954 2231 1317 2278; x_wconf 86' lang='lat' dir='ltr'>vindicaturum</span> <span class='ocrx_word' id='word_1_173' title='bbox 1358 2229 1553 2276; x_wconf 88' lang='lat' dir='ltr'>heissen</span> <span class='ocrx_word' id='word_1_174' title='bbox 1595 2239 1795 2283; x_wconf 83' lang='lat' dir='ltr'>musste‚</span> <span class='ocrx_word' id='word_1_175' title='bbox 1837 2245 1982 2275; x_wconf 82' lang='lat' dir='ltr'>wenn</span> 
     </span>
     <span class='ocr_line' id='line_1_25' title="bbox 430 2313 1981 2379; baseline -0.003 -17"><span class='ocrx_word' id='word_1_176' title='bbox 430 2316 673 2362; x_wconf 90' lang='lat' dir='ltr'>Parmeno</span> <span class='ocrx_word' id='word_1_177' title='bbox 711 2314 780 2361; x_wconf 87' lang='lat' dir='ltr'>sie</span> <span class='ocrx_word' id='word_1_178' title='bbox 819 2315 1033 2379; x_wconf 90' lang='lat' dir='ltr'>sprach),</span> <span class='ocrx_word' id='word_1_179' title='bbox 1074 2314 1197 2376; x_wconf 76' lang='lat' dir='ltr'>geht</span> <span class='ocrx_word' id='word_1_180' title='bbox 1231 2314 1428 2368; x_wconf 87' lang='lat' dir='ltr'>hervor,</span> <span class='ocrx_word' id='word_1_181' title='bbox 1458 2313 1547 2360; x_wconf 91' lang='lat' dir='ltr'>das</span> <span class='ocrx_word' id='word_1_182' title='bbox 1576 2313 1857 2359; x_wconf 88' lang='lat' dir='ltr'>Menander</span> <span class='ocrx_word' id='word_1_183' title='bbox 1884 2313 1981 2358; x_wconf 90' lang='lat' dir='ltr'>den</span> 
     </span>
    </p>
   </div>
   <div class='ocr_carea' id='block_1_3' title="bbox 428 2459 1984 2839">
    <p class='ocr_par' dir='ltr' id='par_1_5' title="bbox 428 2459 1984 2839">
     <span class='ocr_line' id='line_1_26' title="bbox 576 2459 1983 2511; baseline -0.002 -12"><span class='ocrx_word' id='word_1_184' title='bbox 576 2461 610 2511; x_wconf 84' lang='lat'>1)</span> <span class='ocrx_word' id='word_1_185' title='bbox 665 2462 728 2498; x_wconf 91' lang='lat' dir='ltr'>De</span> <span class='ocrx_word' id='word_1_186' title='bbox 757 2462 875 2499; x_wconf 89' lang='lat' dir='ltr'>huius</span> <span class='ocrx_word' id='word_1_187' title='bbox 906 2459 1208 2498; x_wconf 79' lang='lat' dir='ltr'>senis&#39;nomine</span> <span class='ocrx_word' id='word_1_188' title='bbox 1238 2461 1332 2499; x_wconf 88' lang='lat' dir='ltr'>vide</span> <span class='ocrx_word' id='word_1_189' title='bbox 1362 2460 1569 2497; x_wconf 88' lang='lat' dir='ltr'>Donatum</span> <span class='ocrx_word' id='word_1_190' title='bbox 1599 2460 1650 2496; x_wconf 85' lang='lat' dir='ltr'>ad</span> <span class='ocrx_word' id='word_1_191' title='bbox 1680 2460 1728 2497; x_wconf 90' lang='lat' dir='ltr'>V.</span> <span class='ocrx_word' id='word_1_192' title='bbox 1755 2467 1786 2507; x_wconf 86' lang='lat'>5.</span> <span class='ocrx_word' id='word_1_193' title='bbox 1816 2469 1854 2496; x_wconf 86' lang='lat'>1:</span> <span class='ocrx_word' id='word_1_194' title='bbox 1892 2459 1983 2506; x_wconf 79' lang='lat' dir='ltr'>„Ex</span> 
     </span>
     <span class='ocr_line' id='line_1_27' title="bbox 428 2525 1984 2575; baseline -0.003 -10"><span class='ocrx_word' id='word_1_195' title='bbox 428 2540 521 2565; x_wconf 90' lang='lat' dir='ltr'>meo</span> <span class='ocrx_word' id='word_1_196' title='bbox 564 2527 795 2575; x_wconf 85' lang='lat' dir='ltr'>propinquo</span> <span class='ocrx_word' id='word_1_197' title='bbox 838 2539 931 2563; x_wconf 90' lang='lat' dir='ltr'>rure</span> <span class='ocrx_word' id='word_1_198' title='bbox 974 2527 1052 2563; x_wconf 91' lang='lat' dir='ltr'>hoc</span> <span class='ocrx_word' id='word_1_199' title='bbox 1094 2537 1126 2562; x_wconf 80' lang='lat' dir='ltr'>c¹</span> <span class='ocrx_word' id='word_1_200' title='bbox 1155 2537 1197 2563; x_wconf 90' lang='lat' dir='ltr'>c:</span> <span class='ocrx_word' id='word_1_201' title='bbox 1238 2526 1529 2571; x_wconf 83' lang='lat' dir='ltr'>adnotandum,</span> <span class='ocrx_word' id='word_1_202' title='bbox 1569 2525 1681 2572; x_wconf 85' lang='lat' dir='ltr'>quod</span> <span class='ocrx_word' id='word_1_203' title='bbox 1720 2525 1837 2561; x_wconf 89' lang='lat' dir='ltr'>huius</span> <span class='ocrx_word' id='word_1_204' title='bbox 1874 2525 1984 2561; x_wconf 89' lang='lat' dir='ltr'>senis</span> 
     </span>
     <span class='ocr_line' id='line_1_28' title="bbox 428 2590 1983 2640; baseline -0.003 -10"><span class='ocrx_word' id='word_1_205' title='bbox 428 2605 578 2630; x_wconf 89' lang='lat' dir='ltr'>nomen</span> <span class='ocrx_word' id='word_1_206' title='bbox 608 2593 715 2640; x_wconf 88' lang='lat' dir='ltr'>apud</span> <span class='ocrx_word' id='word_1_207' title='bbox 742 2592 983 2629; x_wconf 87' lang='lat' dir='ltr'>Terentium</span> <span class='ocrx_word' id='word_1_208' title='bbox 1004 2604 1085 2628; x_wconf 89' lang='lat' dir='ltr'>non</span> <span class='ocrx_word' id='word_1_209' title='bbox 1106 2596 1190 2628; x_wconf 89' lang='lat' dir='ltr'>est:</span> <span class='ocrx_word' id='word_1_210' title='bbox 1215 2592 1323 2639; x_wconf 87' lang='lat' dir='ltr'>apud</span> <span class='ocrx_word' id='word_1_211' title='bbox 1344 2590 1615 2627; x_wconf 76' lang='lat' dir='ltr'>Menandrum</span> <span class='ocrx_word' id='word_1_212' title='bbox 1636 2590 1774 2628; x_wconf 85' lang='lat' dir='ltr'>Simon</span> <span class='ocrx_word' id='word_1_213' title='bbox 1796 2590 1983 2627; x_wconf 84' lang='lat' dir='ltr'>dicitur.’&#39;</span> 
     </span>
     <span class='ocr_line' id='line_1_29' title="bbox 430 2655 1983 2705; baseline -0.003 -9"><span class='ocrx_word' id='word_1_214' title='bbox 430 2659 532 2697; x_wconf 89' lang='lat' dir='ltr'>Cod.</span> <span class='ocrx_word' id='word_1_215' title='bbox 563 2658 702 2695; x_wconf 83' lang='lat' dir='ltr'>Bemb.</span> <span class='ocrx_word' id='word_1_216' title='bbox 742 2658 867 2695; x_wconf 84' lang='lat' dir='ltr'>habet</span> <span class='ocrx_word' id='word_1_217' title='bbox 905 2656 1125 2704; x_wconf 82' lang='lat' dir='ltr'>,‚Demea&#39;&#39;‚</span> <span class='ocrx_word' id='word_1_218' title='bbox 1158 2656 1285 2693; x_wconf 86' lang='lat' dir='ltr'>ceteri</span> <span class='ocrx_word' id='word_1_219' title='bbox 1316 2657 1543 2702; x_wconf 70' lang='lat' dir='ltr'>„Laches”</span> <span class='ocrx_word' id='word_1_220' title='bbox 1575 2655 1653 2703; x_wconf 74' lang='lat' dir='ltr'>Qui</span> <span class='ocrx_word' id='word_1_221' title='bbox 1685 2656 1806 2705; x_wconf 84' lang='lat' dir='ltr'>igitur</span> <span class='ocrx_word' id='word_1_222' title='bbox 1835 2656 1983 2693; x_wconf 85' lang='lat' dir='ltr'>alteru-</span> 
     </span>
     <span class='ocr_line' id='line_1_30' title="bbox 429 2721 1983 2769; baseline -0.003 -8"><span class='ocrx_word' id='word_1_223' title='bbox 429 2729 536 2761; x_wconf 91' lang='lat' dir='ltr'>trum</span> <span class='ocrx_word' id='word_1_224' title='bbox 579 2735 727 2760; x_wconf 89' lang='lat' dir='ltr'>nomen</span> <span class='ocrx_word' id='word_1_225' title='bbox 770 2723 861 2760; x_wconf 91' lang='lat' dir='ltr'>huic</span> <span class='ocrx_word' id='word_1_226' title='bbox 906 2734 1083 2759; x_wconf 81' lang='lat' dir='ltr'>scaenae</span> <span class='ocrx_word' id='word_1_227' title='bbox 1127 2721 1431 2769; x_wconf 80' lang='lat' dir='ltr'>suprascripsit,</span> <span class='ocrx_word' id='word_1_228' title='bbox 1475 2722 1513 2758; x_wconf 91' lang='lat' dir='ltr'>id</span> <span class='ocrx_word' id='word_1_229' title='bbox 1553 2721 1651 2758; x_wconf 87' lang='lat' dir='ltr'>fecit</span> <span class='ocrx_word' id='word_1_230' title='bbox 1681 2733 1755 2758; x_wconf 91' lang='lat' dir='ltr'>suo</span> <span class='ocrx_word' id='word_1_231' title='bbox 1786 2721 1983 2758; x_wconf 82' lang='lat' dir='ltr'>arbitratu</span> 
     </span>
     <span class='ocr_line' id='line_1_31' title="bbox 429 2790 904 2839; baseline -0.004 -12"><span class='ocrx_word' id='word_1_232' title='bbox 429 2790 725 2839; x_wconf 83' lang='lat' dir='ltr'>(Hartmannus</span> <span class='ocrx_word' id='word_1_233' title='bbox 755 2800 792 2836; x_wconf 88' lang='lat' dir='ltr'>p.</span> <span class='ocrx_word' id='word_1_234' title='bbox 826 2790 904 2835; x_wconf 85' lang='lat'><strong>74).</strong></span> 
     </span>
    </p>
   </div>
   <div class='ocr_carea' id='block_1_4' title="bbox 431 2863 1985 3033">
    <p class='ocr_par' dir='ltr' id='par_1_6' title="bbox 431 2863 1985 3033">
     <span class='ocr_line' id='line_1_32' title="bbox 573 2863 1983 2915; baseline -0.002 -13"><span class='ocrx_word' id='word_1_235' title='bbox 573 2865 612 2915; x_wconf 88' lang='lat'>2)</span> <span class='ocrx_word' id='word_1_236' title='bbox 671 2864 732 2903; x_wconf 88' lang='lat' dir='ltr'>Cf.</span> <span class='ocrx_word' id='word_1_237' title='bbox 763 2865 958 2901; x_wconf 85' lang='lat' dir='ltr'>Braunius</span> <span class='ocrx_word' id='word_1_238' title='bbox 980 2876 1018 2912; x_wconf 89' lang='lat' dir='ltr'>p.</span> <span class='ocrx_word' id='word_1_239' title='bbox 1044 2873 1112 2910; x_wconf 85' lang='lat'>39:</span> <span class='ocrx_word' id='word_1_240' title='bbox 1135 2863 1283 2911; x_wconf 84' lang='lat' dir='ltr'>„Apud</span> <span class='ocrx_word' id='word_1_241' title='bbox 1306 2863 1578 2900; x_wconf 83' lang='lat' dir='ltr'>Menandrum</span> <span class='ocrx_word' id='word_1_242' title='bbox 1600 2863 1719 2912; x_wconf 73' lang='lat' dir='ltr'>igitur</span> <span class='ocrx_word' id='word_1_243' title='bbox 1741 2863 1829 2910; x_wconf 88' lang='lat' dir='ltr'>ipse</span> <span class='ocrx_word' id='word_1_244' title='bbox 1852 2875 1983 2900; x_wconf 84' lang='lat' dir='ltr'>senex</span> 
     </span>
     <span class='ocr_line' id='line_1_33' title="bbox 431 2928 1985 2978; baseline -0.002 -11"><span class='ocrx_word' id='word_1_245' title='bbox 431 2932 469 2968; x_wconf 86' lang='lat' dir='ltr'>in</span> <span class='ocrx_word' id='word_1_246' title='bbox 501 2942 625 2967; x_wconf 86' lang='lat' dir='ltr'>scena</span> <span class='ocrx_word' id='word_1_247' title='bbox 654 2930 785 2978; x_wconf 77' lang='lat' dir='ltr'>magis</span> <span class='ocrx_word' id='word_1_248' title='bbox 814 2929 966 2975; x_wconf 80' lang='lat' dir='ltr'>saevit;</span> <span class='ocrx_word' id='word_1_249' title='bbox 998 2941 1120 2976; x_wconf 83' lang='lat' dir='ltr'>quam</span> <span class='ocrx_word' id='word_1_250' title='bbox 1151 2928 1378 2977; x_wconf 79' lang='lat' dir='ltr'>longiorem</span> <span class='ocrx_word' id='word_1_251' title='bbox 1409 2928 1496 2965; x_wconf 89' lang='lat' dir='ltr'>eius</span> <span class='ocrx_word' id='word_1_252' title='bbox 1517 2928 1746 2965; x_wconf 78' lang='lat' dir='ltr'>orationem</span> <span class='ocrx_word' id='word_1_253' title='bbox 1768 2929 1822 2964; x_wconf 85' lang='lat' dir='ltr'>ita</span> <span class='ocrx_word' id='word_1_254' title='bbox 1843 2928 1985 2966; x_wconf 86' lang='lat' dir='ltr'>vitavit</span> 
     </span>
     <span class='ocr_line' id='line_1_34' title="bbox 432 2993 1846 3033; baseline -0.003 0"><span class='ocrx_word' id='word_1_255' title='bbox 432 2995 651 3033; x_wconf 87' lang='lat' dir='ltr'>Terentius</span> <span class='ocrx_word' id='word_1_256' title='bbox 681 3000 724 3031; x_wconf 90' lang='lat' dir='ltr'>ut</span> <span class='ocrx_word' id='word_1_257' title='bbox 754 3006 919 3033; x_wconf 87' lang='lat' dir='ltr'>servum</span> <span class='ocrx_word' id='word_1_258' title='bbox 947 2994 999 3031; x_wconf 90' lang='lat' dir='ltr'>de</span> <span class='ocrx_word' id='word_1_259' title='bbox 1030 2993 1200 3031; x_wconf 88' lang='lat' dir='ltr'>consilio</span> <span class='ocrx_word' id='word_1_260' title='bbox 1231 2994 1340 3030; x_wconf 88' lang='lat' dir='ltr'>senis</span> <span class='ocrx_word' id='word_1_261' title='bbox 1371 2994 1620 3030; x_wconf 83' lang='lat' dir='ltr'>referentem</span> <span class='ocrx_word' id='word_1_262' title='bbox 1651 2993 1846 3030; x_wconf 79' lang='lat' dir='ltr'>faceret.&#39;&#39;</span> 
     </span>
    </p>
   </div>
  </div>
 </body>
</html>
