2221 3526
920 258 980 303 57

179 394 305 440 „tem
347 384 503 430 oratio
545 402 641 429 non
683 384 913 430 omnibus
952 384 1221 432 dialecticis
1257 387 1475 432 numeris
1502 387 1728 435 absoluta

178 484 298 522 „nec
347 477 482 513 certo
526 467 882 513 sententiarum
933 484 1063 513 nexu
1102 468 1351 523 adstricta,
1393 487 1539 531 quam
1580 471 1728 531 signi-

177 549 372 606 „ficavit
413 548 693 596 Donatus.’'

313 633 429 678 Ideo
460 631 701 678 Braunius
741 643 790 679 et
820 632 1095 679 Nencinius
1122 633 1241 680 mihi
1269 634 1502 681 videntur
1541 652 1569 681 a
1598 646 1729 682 recta

170 714 251 761 via
271 715 544 773 aberrasse,
578 717 712 777 quod
742 716 863 762 hacc
891 716 1148 763 adnotatio
1177 717 1381 763 omnino
1410 735 1508 764 11011
1538 729 1729 780 spectat

168 799 231 845 ad
289 798 570 845 Chremetis
629 797 863 854 indolem,
923 800 1010 846 sed
1069 809 1261 846 tantum
1320 802 1382 847 ad
1433 812 1727 849 structuram

166 881 558 943 grammaticam.

310 965 711 1028 Accedit,yquod
751 965 844 1012 hoc
883 965 1122 1012 scholium
1163 977 1442 1029 suspectum
1477 978 1564 1015 est.
1607 968 1730 1030 Agit

167 1048 228 1095 de
273 1049 448 1095 eadem
491 1066 540 1096 re
580 1059 728 1111 atque
769 1049 1035 1111 insequens
1073 1049 1312 1096 scholium
1352 1051 1415 1097 ad
1454 1069 1502 1099 v.
1548 1068 1602 1098 2:
1651 1068 1726 1107 ,‚1.

174 1131 355 1186 „Solve
403 1131 695 1187 „nimirum”
737 1143 786 1179 et
825 1132 901 1178 fac
947 1149 1075 1187 „non
1117 1144 1193 1180 est
1231 1133 1458 1189 mirum’'‚
1487 1145 1537 1181 et
1562 1133 1725 1182 statim

173 1232 515 1278 „consequens
565 1214 657 1262 crit
710 1233 798 1277 per
849 1211 1078 1262 α’σῦνὸετον
1127 1227 1231 1263 tota
1281 1218 1543 1273 sententia,
1591 1218 1728 1281 quasi

173 1298 381 1353 „dixerit
422 1316 550 1353 „non
580 1310 654 1345 est
682 1298 891 1345 miruni’'
922 1309 971 1346 et
997 1299 1408 1347 subdistinctione
1436 1301 1729 1364 interposita

172 1398 317 1436 „mox
345 1381 563 1429 intulerit
591 1382 758 1437 „dabit
780 1382 902 1429 hacc
919 1381 1076 1429 Thais
1097 1382 1216 1429 mihi
1239 1400 1476 1445 magnum
1494 1384 1726 1432 malum.''

173 1464 335 1519 „Nam
383 1464 495 1519 „ni”
539 1482 599 1511 ne
639 1463 888 1526 significat
926 1475 975 1511 et
1015 1464 1139 1520 „ne”
1171 1483 1299 1513 non:
1335 1462 1567 1529 ,‚1'1i'’pr0
1601 1467 1726 1523 „ne”

173 1546 454 1609 „Vergilius
493 1548 644 1611 (Aen.
687 1549 768 1595 III.
806 1548 1070 1613 685286)
1104 1548 1215 1604 „leti
1244 1549 1527 1598 discrimine
1553 1568 1726 1613 parvo,

171 1630 249 1685 „ni
291 1641 497 1677 teneant
537 1630 769 1683 cursus;’'
818 1630 943 1686 „ne”
985 1649 1076 1693 pro
1122 1631 1286 1687 „non”
1330 1633 1534 1680 Plautus
1560 1634 1727 1698 (Epid.

171 1714 284 1768 ,‚IV.
343 1730 385 1760 2.
449 1718 521 1761 16.
576 1714 711 1779 alibi)
770 1732 860 1770 „ne
914 1714 1054 1761 vult’'
1096 1732 1187 1777 pro
1233 1733 1361 1771 „non
1403 1716 1560 1764 vult''.
1603 1718 1731 1781 Quia

164 1795 240 1842 his
289 1796 457 1843 verbis
511 1808 641 1844 recte
694 1797 831 1844 locus
882 1797 1181 1859 explanatur
1231 1810 1280 1846 et
1331 1809 1449 1861 apta
1500 1800 1731 1862 exempla

162 1880 332 1927 addita
382 1890 514 1935 sunt,
569 1881 662 1927 hoc
713 1880 956 1928 scholium
1005 1881 1209 1928 Donato
1249 1883 1470 1929 dandum
1510 1893 1599 1938 est,
1641 1885 1728 1931 sed

162 1962 371 2010 alterum
424 1964 490 2027 (2.
540 1965 603 2010 ad
650 1982 697 2011 v.
748 1964 791 2028 1)
844 1963 1178 2011 verisimiliter
1227 1965 1290 2012 ab
1342 1965 1439 2012 alio
1489 1966 1729 2029 magistro

163 2046 437 2108 profectum
493 2058 567 2094 est
614 2048 848 2110 quodam,
890 2047 974 2110 qui
1014 2065 1277 2110 perperam
1318 2048 1535 2097 inserere
1574 2050 1730 2098 voluit

170 2130 470 2192 „intellego”
512 2130 592 2177 vel
634 2130 917 2186 ,‚invenio’'.
973 2132 1114 2195 Quae
1148 2133 1318 2179 addita
1344 2144 1487 2180 sunt:
1534 2145 1729 2196 „potest

163 2224 328 2260 autem
386 2231 429 2260 e.
472 2232 519 2276 q.
558 2213 632 2261 s.’'
693 2215 870 2261 iustam
930 2215 1175 2276 praebent
1231 2215 1615 2278 explicationem
1666 2235 1727 2265 ex

162 2297 444 2359 insequenti
488 2297 675 2345 Donati
715 2297 904 2344 scholio
944 2298 1150 2360 petitam

307 2379 534 2426 Transeo
557 2380 652 2427 iam
676 2382 739 2427 ad
762 2382 1137 2428 adnotationem
1162 2382 1394 2444 priorem.
1419 2383 1728 2431 GRAUERTus

162 2463 229 2526 (p.
269 2466 361 2522 156
390 2463 485 2527 sq.)
521 2463 558 2527 Ι)
610 2480 671 2510 ex
724 2464 799 2510 his
850 2464 1018 2511 verbis
1068 2465 1230 2512 effecit
1274 2465 1539 2512 discrimen
1578 2466 1726 2513 fuisse

310 2653 344 2700 1)
403 2649 462 2688 Cf.
504 2641 731 2688 Grauertus
770 2663 810 2699 p.
857 2653 947 2699 156:
990 2653 1072 2699 „Er
1108 2653 1221 2690 hatte
1253 2653 1340 2690 also
1371 2653 1435 2690 ein
1465 2654 1659 2703 Landgut
1688 2655 1726 2691 in

161 2715 435 2753 Sunium....
476 2716 559 2752 und
598 2717 763 2753 mochte
794 2717 881 2754 sich
916 2718 1012 2754 dort
1041 2718 1107 2755 die
1137 2718 1283 2756 meiste
1314 2719 1402 2755 Zeit
1432 2719 1726 2766 aufenthalten,

161 2781 290 2818 daher
312 2781 415 2817 auch
441 2781 622 2829 weniger
644 2781 709 2818 die
732 2782 987 2819 st'adtisclien
1009 2782 1142 2820 Sitten
1162 2783 1318 2829 haben3
1349 2784 1540 2820 dennoch
1558 2784 1725 2830 konnte,

161 2847 264 2883 nach
304 2846 477 2891 Terenz,
517 2846 604 2883 sein
644 2847 913 2896 eigentlicher
952 2848 1158 2885 WVohnort
1197 2849 1235 2885 in
1265 2849 1339 2885 der
1368 2848 1488 2886 Stadt
1517 2849 1617 2896 sein,
1648 2850 1724 2886 wie

160 2911 344 2948 ziemlich
374 2911 461 2947 klar
491 2911 563 2958 ist;
594 2923 798 2960 wogegen
827 2912 1054 2949 Menander
1085 2913 1150 2950 ihn
1181 2925 1229 2950 zu
1261 2914 1393 2951 einem
1423 2914 1725 2964 vollstandigen

160 2976 404 3013 Landmann
432 2975 637 3013 machte.”
670 3005 672 3007 .
