2221 3526
954 255 1012 300 25

205 401 312 430 cum
353 385 414 430 ad
457 384 490 431 Ι.
536 400 578 430 2.
624 398 687 441 30
720 383 958 428 adnotet:
996 379 1290 430 ..Arbitrorz
1320 379 1447 425 bene
1483 380 1755 433 „arbitror”

212 478 288 522 „et
330 466 445 512 nihil
486 465 603 512 certi
631 483 638 510 :
680 464 929 526 quomodo
969 462 1097 509 enim
1127 479 1330 508 ausurus
1357 473 1487 508 esset
1516 462 1759 508 Parmeno

171 563 179 567 ·
211 549 484 604 „adornare
524 547 799 594 Chaeream
842 547 905 592 ad
946 545 1219 592 vitiandam
1260 544 1524 605 virginem,
1554 545 1592 590 si
1621 562 1758 606 prac-

211 631 410 686 ,‚scisset
449 630 607 677 civem
648 647 756 676 esse
779 628 827 676 ?''
851 629 886 691 1)
925 639 975 675 et
1008 628 1070 674 ad
1100 628 1132 674 Ι.
1169 643 1210 674 2.
1251 641 1377 686 117:
1418 627 1502 673 Me
1531 627 1756 673 miseram

210 713 441 769 „forsitan
484 714 560 760 hic
601 713 718 759 mihi
760 729 966 774 parvam
1009 711 1159 757 habet
1200 710 1383 757 fidem:
1432 721 1563 757 recte
1605 710 1761 756 Thais

210 814 368 851 „nunc
431 807 621 858 partem
685 794 965 855 argumenti
1028 793 1310 856 exsequitur
1368 793 1565 840 tacitam
1628 794 1760 854 apud

210 879 534 934 „Phaedriam
587 889 792 941 propter
844 877 1175 940 praesentiam
1227 876 1373 930 servi,
1427 893 1572 938 quem
1614 887 1761 937 poeta

210 963 286 1026 ‚,(i.
328 981 370 1010 e.
410 973 580 1021 auctor
619 961 921 1015 comoediae,
965 960 1265 1023 Menander)
1305 958 1409 1005 vult
1449 959 1515 1005 ita
1555 958 1758 1013 nescire,

209 1056 289 1100 „ut
344 1047 525 1093 audeat
575 1047 637 1092 ad
690 1044 963 1092 vitiandam
1004 1043 1249 1105 virginem
1290 1042 1564 1089 subornare
1603 1042 1761 1089 Chae-

209 1128 423 1183 „rea1n.’'

345 1213 492 1275 Quod
531 1211 708 1259 attinet
741 1212 803 1258 ad
835 1210 1021 1257 Donati
1049 1209 1204 1256 verba
1231 1209 1293 1255 ad
1322 1209 1355 1255 I.
1391 1225 1433 1256 2.
1465 1212 1557 1268 64:
1594 1207 1759 1263 „Nihil

203 1313 315 1342 nam
369 1295 588 1358 quaesivi
631 1312 758 1341 nunc
797 1311 926 1356 ego:
980 1293 1166 1355 optime
1205 1292 1438 1354 purgavit
1478 1291 1759 1346 Terentius,

201 1380 332 1441 quod
393 1396 507 1425 mox
565 1378 850 1425 liberalibus
909 1377 1090 1439 nuptiis
1147 1377 1304 1423 fuerat
1367 1375 1662 1429 obfuturum,
1721 1374 1760 1421 si

202 1462 422 1509 vitiatam
479 1461 723 1523 virginem
764 1462 967 1507 duceret
1007 1460 1249 1506 Chaerea.
1306 1458 1600 1505 Necessario
1639 1475 1761 1520 ergo

200 1545 480 1592 defenditur
518 1556 770 1607 tamquam
810 1562 934 1606 quae
970 1544 1178 1590 honeste
1214 1553 1428 1604 nuptura
1453 1541 1578 1597 est‚'’
1628 1542 1761 1589 Nen-

201 1629 355 1676 cinius
407 1639 547 1691 putat
600 1629 855 1675 Donatum
909 1628 986 1674 hic
1037 1645 1146 1674 cum
1200 1627 1455 1673 Chaereae
1509 1626 1690 1688 nuptiis
1734 1644 1760 1672 e

202 1713 468 1759 Menandri
522 1712 763 1758 Eunucho
815 1711 975 1758 locum
1027 1729 1054 1758 e
1107 1710 1288 1757 Colace
1328 1710 1605 1757 derivatum
1647 1727 1760 1756 con-

199 1795 446 1857 glutinare
498 1806 547 1842 et
593 1794 950 1850 „Terentium”
994 1812 1092 1840 non
1133 1794 1429 1855 significare,
1479 1792 1758 1855 ‚‚poetam”.

202 1879 348 1943 Quod
411 1890 572 1926 autem
635 1879 863 1925 Donatus
924 1877 1147 1924 Terentii
1208 1877 1409 1923 nomine
1467 1876 1615 1923 utitur
1671 1893 1761 1938 pro

201 1974 399 2010 auctore
439 1962 741 2017 comoediae,
784 1962 830 2008 h.
861 1961 889 2008 l.
934 1961 1232 2015 Menandro,
1274 1961 1322 2007 id
1362 1960 1523 2007 facere
1565 1977 1762 2022 semper

199 2045 326 2092 solet
355 2045 397 2109 2)

346 2127 476 2174 Dein
519 2127 727 2173 Thaidis
767 2127 934 2173 verbis
974 2127 1057 2173 vix
1098 2127 1245 2173 fidem
1288 2125 1459 2172 habuit
1499 2126 1759 2179 Parmeno,

201 2210 259 2257 cf.
314 2210 470 2256 Fabia
521 2227 567 2271 p.
627 2226 712 2270 13:
761 2210 851 2265 „de
893 2215 1053 2256 meme
1094 2226 1187 2271 que
1229 2208 1472 2255 Phaedria
1511 2208 1540 2254 il
1580 2225 1609 2254 a
1647 2225 1761 2254 con-

201 2293 362 2340 sidere
420 2304 526 2341 tout
576 2293 620 2340 le
673 2293 792 2352 recit
843 2293 904 2339 de
959 2292 1115 2339 Thais
1169 2306 1361 2338 comme
1413 2309 1475 2338 un
1530 2291 1647 2338 tissu
1699 2292 1761 2337 de

202 2376 554 2438 mensonges.'’
614 2376 800 2423 Idcirco
842 2377 1085 2422 Parmeno
1127 2393 1226 2422 non
1266 2375 1490 2437 graviter
1528 2375 1762 2421 mentitur

351 2613 385 2660 1)
441 2610 537 2648 Sine
580 2611 659 2648 ulla
698 2623 823 2648 causa
861 2611 1084 2648 Nencinius
1124 2623 1161 2658 p.
1195 2611 1244 2657 84
1272 2610 1400 2648 verba
1430 2610 1495 2648 illa
1524 2611 1574 2648 ad
1606 2611 1761 2648 Teren-

201 2678 353 2714 tianam
394 2677 668 2723 componendi
708 2682 839 2713 artem
878 2676 1076 2722 referens,
1116 2676 1211 2712 illud
1243 2675 1459 2722 „arbitror‚
1492 2680 1649 2712 certum
1680 2687 1761 2712 non

201 2741 379 2779 „scimus”
433 2741 726 2778 Terentianum
774 2741 1098 2778 additamentum
1142 2745 1271 2788 putat,
1316 2740 1585 2778 oeconomiae
1630 2741 1762 2789 gratia

201 2806 491 2854 interpositum
530 2811 571 2842 et
601 2818 623 2843 a
652 2806 810 2843 Thaide
842 2806 996 2843 idcirco
1027 2806 1335 2853 pronuntiatum
1366 2818 1447 2853 quo
1477 2806 1564 2842 veri
1595 2805 1760 2842 similius

201 2872 321 2909 fieret
350 2871 647 2908 Parmenonem
676 2871 881 2909 vitiandae
910 2871 1077 2920 virginis
1107 2871 1319 2908 consilium
1349 2871 1461 2908 dare.

345 2973 385 3021 2)
443 2972 504 3010 Cf.
534 2972 585 3008 H.
616 2972 664 3009 T.
694 2972 885 3009 Karsten.
919 2972 1074 3010 Comm.
1106 2983 1145 3019 p.
1178 2979 1266 3019 205.
