2221 3526
981 247 1040 291 27

231 377 506 437 cognatos?
552 378 705 423 Porro
747 375 991 422 Phaedria
1019 386 1135 421 tunc
1164 375 1268 420 sine
1297 374 1448 419 dubio
1477 374 1570 419 iam
1600 375 1784 420 dudum

230 461 442 507 vicinam
509 459 817 520 Pamphilam
881 457 1202 517 cognovisset
1264 456 1468 517 eiusque
1533 456 1784 502 historiam

182 543 515 604 'accepisset,
571 543 701 588 unde
753 541 975 603 sequitur
1028 540 1237 586 Thaidis
1290 538 1623 585 narrationem
1665 540 1782 601 (107

229 626 358 688 sqq.)
380 625 447 671 sic
469 642 667 687 quoque
699 625 745 671 in
771 625 965 670 Graeca
987 623 1152 670 fabula
1175 638 1598 684 supervacaneam
1622 621 1784 667 fuisse.

303 708 533 770 Denique
575 718 733 754 utram
775 706 996 768 sequeris
1023 705 1339 759 sententiam,
1370 704 1683 750 manifestum
1713 714 1788 750 est

227 790 436 852 virginis
474 790 824 837 deductionem
866 790 943 852 (II.
991 789 1036 852 2)
1077 806 1105 835 a
1145 787 1428 834 Menandro
1467 786 1645 833 afuisse
1685 804 1786 832 om-

229 873 424 935 niaque,
477 890 604 935 quae
657 872 882 919 Chaerea
935 871 1026 918 hac
1078 872 1139 918 de
1187 888 1236 916 re
1279 881 1445 916 narrat
1484 870 1561 933 (II.
1607 869 1654 933 3)
1695 869 1786 931 ipsi

228 956 468 1002 Terentio
508 956 773 1014 tribuenda
811 972 935 1002 esse.

372 1039 465 1085 His
517 1039 610 1086 iam
663 1038 782 1085 satis
834 1037 1029 1084 ostendi
1080 1036 1230 1083 falsos
1280 1054 1388 1083 esse
1430 1036 1697 1083 Braunium
1738 1047 1787 1083 et

229 1123 544 1176 Nencinium,
587 1133 821 1184 putantes
857 1121 1059 1168 militem
1088 1131 1138 1167 et
1166 1120 1435 1182 parasitum
1464 1137 1492 1166 a
1520 1120 1785 1166 Menandri

228 1206 473 1252 Eunucho
514 1223 716 1267 prorsus
755 1205 949 1251 afuisse.

372 1289 476 1336 Nec
529 1300 694 1336 tamen
750 1299 883 1335 recta
933 1299 1007 1334 est
1053 1287 1300 1334 sententia
1341 1286 1481 1340 Ihnii,
1523 1286 1605 1348 qui
1645 1296 1787 1348 putat

225 1373 425 1419 easdem
480 1372 585 1419 illas
637 1389 877 1434 personas
928 1371 975 1417 in
1028 1388 1087 1417 ea
1126 1370 1293 1416 fabula
1332 1370 1588 1432 prodiisse.
1656 1370 1784 1416 Nam

226 1466 573 1518 praeterquam
615 1456 750 1518 quod
790 1455 919 1501 iusto
959 1454 1196 1500 maiorem
1239 1454 1365 1500 inter
1405 1453 1703 1499 Eunuchum
1737 1464 1786 1500 et

226 1538 458 1585 Colacem
513 1538 883 1585 similitudinem
925 1537 1172 1584 exstitisse
1212 1548 1368 1599 putat,
1410 1536 1643 1598 explicari
1686 1554 1783 1582 non

224 1633 404 1684 potest,
446 1640 532 1669 cur
567 1622 850 1675 Terentius,
880 1622 918 1668 si
947 1638 1035 1668 eae
1064 1638 1308 1682 personae
1337 1620 1431 1666 iam
1461 1620 1509 1666 in
1540 1620 1785 1666 Eunucho

223 1706 471 1760 adessent,
512 1723 596 1752 eas
635 1723 661 1752 e
702 1705 882 1752 Colace
922 1704 1270 1766 adsumpserit.
1315 1705 1351 1767 Ι)

367 1788 633 1835 Profitetur
672 1799 821 1850 poeta
861 1789 964 1850 ipse
1005 1787 1148 1852 (prol.
1195 1803 1259 1847 30
1292 1787 1421 1850 sqq.)
1461 1804 1514 1833 se
1543 1786 1708 1833 militis
1735 1797 1785 1833 et

223 1872 424 1932 parasiti
477 1889 716 1934 personas
755 1889 781 1918 e
823 1871 1003 1918 Colace
1044 1870 1353 1918 transtulisse
1394 1871 1441 1917 in
1485 1870 1783 1916 Eunuchum

222 1972 377 2001 suam.
431 1955 532 2001 Sed
585 1955 680 2001 iam
728 1955 942 2001 vidimus
983 1955 1030 2001 in
1071 1954 1267 2001 fabulae
1308 1954 1448 2000 initio
1489 1953 1782 2000 Terentium

224 2054 322 2083 non
363 2037 646 2084 discessisse
686 2055 714 2084 a
754 2038 1062 2093 Menandro;
1104 2038 1145 2102 2)
1175 2038 1306 2084 unde
1335 2037 1534 2100 quidem
1563 2036 1784 2099 sequitur

222 2121 355 2182 apud
408 2121 743 2167 Menandrum
798 2121 1092 2167 Phaedriam
1143 2138 1341 2183 quoque
1381 2119 1635 2166 exclusum
1675 2137 1783 2166 esse

223 2214 427 2265 propter
485 2203 690 2251 rivalem
749 2204 1010 2268 (militem),
1053 2204 1093 2266 3)
1151 2204 1234 2266 qui
1295 2203 1478 2250 Thaidi
1535 2203 1781 2265 virginem

371 2361 404 2409 1)
461 2360 522 2398 Cf.
566 2361 788 2398 Nencinius
833 2373 871 2409 p.
913 2362 987 2398 88:
1029 2361 1142 2408 „Nec
1178 2373 1278 2399 vero
1309 2361 1427 2399 facile
1459 2361 1720 2411 intellegitur,
1750 2361 1783 2398 si

222 2425 357 2462 militis
394 2431 436 2462 et
474 2426 641 2474 parasiti
671 2439 876 2474 personae
907 2427 1030 2464 etiam
1061 2427 1099 2464 in
1129 2439 1188 2476 gr.
1221 2427 1322 2464 Eun.
1354 2427 1539 2474 fuissent,
1571 2439 1644 2464 cur
1673 2432 1782 2464 totas

222 2491 486 2539 integrasque
524 2503 546 2528 e
587 2491 738 2529 Colace
770 2492 1007 2529 adsciscere
1037 2492 1225 2529 maluerit
1255 2492 1490 2539 Terentius,
1521 2492 1628 2529 nulla
1658 2504 1783 2529 causa

222 2555 469 2603 prohibente
513 2568 596 2603 quo
640 2557 772 2593 minus
816 2557 1042 2594 sententias
1083 2557 1241 2604 aliquas
1281 2563 1351 2594 aut
1389 2558 1585 2607 argutias.
1634 2557 1782 2605 quibus

221 2620 435 2668 utriusque
487 2633 683 2668 persona·
718 2621 978 2659 artificiosius
1031 2622 1332 2671 depingeretur
1376 2623 1700 2672 congruentibus
1744 2623 1782 2659 in

222 2685 423 2722 Eunucho
453 2685 587 2722 militis
618 2691 660 2723 et
689 2686 856 2733 parasiti
888 2687 1077 2734 personis
1109 2686 1348 2724 tribueret.⁷’

366 2764 406 2809 2)
463 2762 524 2800 Cf.
556 2774 595 2809 p.
632 2763 686 2800 18.

368 2838 406 2888 3)
463 2839 524 2876 Cf.
555 2839 743 2887 Donatus
773 2840 824 2877 ad
855 2841 881 2877 I.
911 2851 939 2877 1.
964 2849 1037 2878 20:
1062 2841 1295 2887 „familiaris
1321 2840 1472 2888 ἔλλειψις
1495 2841 1780 2888 irascentibus,

223 2916 316 2940 nam
359 2904 518 2953 singula
561 2905 620 2941 sic
659 2905 905 2952 explentur:
948 2918 1108 2955 „egone
1148 2905 1279 2942 illam”
1310 2919 1392 2943 non
1421 2907 1616 2953 ulciscar;
1647 2919 1780 2954 „quae

223 2969 358 3006 illum’'
390 2969 575 3017 recepit3
606 2981 738 3017 „quae
768 2969 859 3007 me*
891 2971 1068 3009 exclusit
1098 2983 1132 3008 e.
1165 2983 1202 3019 q.
1235 2974 1293 3008 s.''
