2221 3526
1153 267 1214 311 62

405 407 646 462 timidum,
687 424 798 453 cum
838 406 958 453 nihil
998 406 1234 461 obstaret,
1276 405 1541 469 quominus
1568 414 1757 452 crearet
1783 403 1960 452 fortem

405 502 454 537 et
491 490 780 537 strenuum?
810 490 847 554 1)

549 573 746 620 Deinde
774 573 977 619 omnino
1004 572 1126 618 falsa
1153 583 1281 627 sunt,
1311 588 1437 635 quae
1464 572 1684 633 disputat
1711 572 1772 618 de
1801 572 1881 618 III.
1914 587 1959 632 3.

407 657 522 703 Non
561 668 636 703 est
674 656 806 702 senis
843 656 980 702 avari
1020 666 1069 702 et
1102 654 1317 716 religiosi
1344 654 1496 702 semel
1525 655 1802 717 iterumque
1830 655 1962 716 apud

405 740 713 787 meretricem
765 739 951 793 venire,
1005 756 1114 784 cum
1166 738 1427 785 arcessitur
1475 739 1613 802 (510,
1660 739 1804 802 503);
1847 735 1961 805 {non

405 823 556 869 habet
594 838 813 868 sororem
854 821 1068 867 sedecim
1103 837 1346 867 annorum
1375 821 1534 885 (526),
1572 837 1670 866 non
1699 831 1774 867 est
1801 820 1963 866 minor

405 917 522 953 natu
579 922 725 968 quam
785 905 941 951 Thais
998 904 1156 968 (524),
1211 921 1310 950 non
1362 904 1622 951 deducitur
1673 904 1736 950 ad
1787 920 1961 950 cenam

405 988 570 1035 militis
620 989 757 1052 (503,
815 989 948 1051 538).
1022 988 1163 1034 Haec
1207 998 1373 1034 autem
1414 987 1581 1033 omnia
1619 986 1806 1048 optime
1845 1003 1962 1048 qua-

403 1073 549 1119 drant
588 1071 636 1117 in
665 1070 1033 1117 adulescentem
1062 1070 1364 1131 religiosum,
1396 1070 1607 1117 rusticae
1634 1069 1963 1131 simplicitatis

403 1167 452 1202 et
491 1154 839 1217 parsimoniae.

546 1237 671 1284 Cum
727 1237 877 1300 igitur
930 1237 1160 1283 Nencinii
1211 1246 1507 1299 argumenta
1545 1253 1607 1283 ex
1645 1235 1781 1282 omni
1820 1245 1961 1297 parte

402 1321 630 1368 laborent
686 1321 889 1383 eiusque
947 1320 1229 1367 coniectura
1285 1321 1347 1366 de
1406 1318 1686 1366 Chremetis
1749 1335 1964 1380 persona

403 1405 652 1452 reicienda
701 1404 778 1459 sit,
832 1415 999 1459 restat,
1054 1415 1106 1450 ut
1156 1403 1435 1466 expediam,
1491 1403 1741 1465 quomodo
1780 1402 1961 1448 factum

402 1488 478 1543 sit,
520 1499 570 1534 ut
612 1488 841 1535 Donatus
880 1487 927 1534 in
968 1498 1079 1534 actu
1120 1487 1188 1533 IV
1229 1486 1380 1533 semel
1421 1486 1697 1548 iterumque
1737 1484 1963 1547 loquatur

402 1572 464 1618 de
522 1571 802 1618 Chremetis
859 1570 1157 1625 rusticitate;
1222 1570 1407 1618 etenim
1471 1569 1741 1616 secundum
1799 1585 1961 1615 meam

401 1654 698 1701 sententiam
752 1653 994 1700 Chremes
1044 1653 1093 1700 in
1146 1653 1238 1700 hac
1288 1652 1482 1700 fabulae
1533 1663 1674 1714 parte
1712 1668 1739 1698 e
1780 1650 1961 1697 Colace

401 1739 690 1800 desumptus
740 1748 829 1792 est,
883 1737 964 1783 ubi
1017 1754 1116 1783 non
1168 1748 1274 1783 erat
1325 1736 1550 1790 rusticus,
1604 1736 1691 1782 sed
1744 1735 1963 1781 urbanus

402 1821 526 1877 talis,
551 1820 747 1883 qualem
771 1821 920 1867 modo
942 1820 1196 1882 descripsi.
1222 1820 1306 1868 IV.
1336 1834 1378 1880 5.
1418 1835 1476 1866 10
1507 1819 1739 1866 Donatus
1766 1817 1960 1864 verbis:

409 1905 550 1960 „Eho
590 1920 757 1950 nonne
796 1903 845 1950 id
885 1914 960 1950 sat
998 1915 1130 1950 erat:
1173 1904 1320 1950 Adeo
1359 1902 1570 1964 simplex
1610 1901 1688 1948 hic
1716 1901 1963 1947 inducitur

409 1987 730 2043 „adulescens
769 1998 821 2034 ut
859 2004 888 2034 a
928 1987 1107 2050 Pythia
1147 1986 1447 2049 reprehendi
1481 1985 1651 2048 possit.
1683 1985 1812 2031 Nam
1843 1984 1962 2046 quid

409 2089 564 2133 „opus
601 2071 688 2118 fuit
727 2071 905 2125 dicere,
947 2071 986 2117 si
1026 2069 1249 2117 innuit?'’
1287 2087 1387 2117 non
1416 2079 1607 2132 spectat
1640 2069 1704 2115 ad
1731 2067 1960 2129 simplici-

402 2166 555 2202 tatem
612 2154 859 2209 rusticam,
919 2155 1006 2201 sed
1057 2155 1121 2201 ad
1158 2153 1442 2201 tarditatem
1483 2153 1734 2215 quandam
1775 2150 1962 2213 ingenii

402 2238 759 2300 stultitiamque
809 2248 858 2284 et
908 2255 1018 2284 cum
1071 2237 1254 2284 ibidem
1294 2237 1527 2283 adnotat:
1576 2252 1651 2295 ‚‚3.
1694 2234 1801 2281 Nisi
1847 2234 1962 2297 quia

409 2321 650 2376 „correxit
701 2320 840 2367 miles
891 2321 1025 2383 quod
1077 2319 1296 2367 intellexi
1348 2319 1537 2366 minus:
1598 2318 1710 2364 Hoc
1767 2318 1963 2364 videtur

409 2404 707 2467 „sapientius
757 2415 807 2451 et
856 2404 1060 2450 facetius
1111 2403 1206 2450 dici
1258 2419 1406 2466 quam
1463 2403 1527 2449 ab
1583 2401 1721 2448 ebrio
1780 2401 1961 2447 rustico

409 2487 811 2544 „adulescentulo
850 2487 1103 2534 debuisset
1141 2504 1180 2533 e.
1206 2504 1252 2549 q.
1276 2485 1348 2533 S.'’
1388 2487 1633 2540 Donatus,
1664 2502 1764 2532 non
1793 2484 1961 2531 imme-

403 2589 510 2619 mor
561 2571 841 2618 Chremetis
892 2571 1058 2618 rustici
1109 2571 1158 2617 in
1211 2570 1290 2617 ΙΙΙ.
1336 2586 1380 2630 3,
1435 2568 1618 2616 oblitus
1655 2579 1730 2615 est
1768 2585 1821 2615 se
1860 2584 1960 2614 non

404 2656 722 2702 Chremetem
763 2654 993 2701 Eunuchi
1033 2655 1121 2700 sed
1161 2653 1355 2700 Colacis
1395 2663 1511 2700 ante
1551 2651 1719 2699 oculos
1747 2651 1958 2706 habere;

551 2808 586 2859 Ι)
641 2809 775 2845 Etiam
811 2807 1219 2845 animadvertendum
1258 2811 1322 2843 est
1363 2805 1626 2844 Chremetem
1662 2806 1786 2842 modo
1816 2816 1852 2842 v.
1883 2804 1959 2851 623

403 2873 600 2911 nominari
622 2873 826 2911 aemulum
847 2872 995 2909 militis.
1018 2871 1100 2909 Sed
1122 2872 1213 2908 luce
1239 2871 1384 2908 clarius
1407 2876 1482 2917 est,
1505 2871 1684 2917 militem,
1706 2871 1774 2918 qui
1796 2869 1960 2906 omnino

403 2952 484 2977 non
522 2940 637 2976 novit
676 2938 951 2984 Chremetem,
991 2943 1136 2986 putare
1176 2949 1269 2974 eum
1307 2949 1401 2974 esse
1440 2936 1681 2973 Phaedriam
1715 2941 1756 2972 et
1786 2947 1891 2982 quae
1922 2935 1961 2971 in

403 3007 481 3042 hac
521 3016 670 3042 scaena
705 3010 932 3050 narrentur,
964 3016 1045 3041 non
1075 3015 1097 3040 e
1129 3003 1343 3040 Menandri
1374 2994 1573 3040 Eunucho
1604 3002 1823 3048 desumpta
1853 3012 1960 3038 esse.
