2221 3526
1028 270 1079 301 11

488 396 664 442 fabulis
720 396 913 454 ⁴eraccis
970 395 1119 440 latine
1177 395 1432 441 vertendis
1488 408 1686 443 secutus
1739 409 1826 444 est.

488 478 726 524 Coloniae
779 482 919 538 1843.

419 561 496 607 W.
549 562 599 608 S.
656 560 906 607 Tuum-‘liu
965 560 1174 606 Studien
1223 561 1323 606 und
1370 560 1828 608 Charakteristiken

486 644 567 706 (de
609 643 741 690 And.
785 643 912 689 Eun.
956 642 1196 706 Adelph.)
1256 643 1460 704 Leipzig
1507 647 1651 702 1871.

415 727 469 772 C.
515 726 582 772 M.
626 726 922 774 FRANelsszx.
980 726 1057 772 De
1100 726 1305 772 l'oenuli
1347 726 1603 773 Plautinae
1632 744 1829 788 compo-

485 809 677 856 sitione.
739 809 1072 870 Mnemosyne
1115 809 1175 855 N.
1218 810 1268 855 S.
1313 810 1396 855 IV.
1448 812 1592 868 1876.

419 893 479 938 Κ.
524 893 715 939 BRAUN.
789 892 1121 955 Quaestiones
1175 892 1509 939 Terentianae
1562 893 1642 956 (de
1695 893 1828 939 And.

487 975 636 1038 Eun.)
696 975 970 1036 Gottingae
1020 978 1164 1034 1877.

414 1058 469 1105 F.
513 1059 711 1104 KAMPE.
790 1058 884 1104 Die
939 1058 1216 1120 Lustspiele
1269 1059 1357 1105 des
1410 1058 1679 1105 Terentius
1730 1059 1830 1105 und

485 1140 589 1187 ihre
645 1140 990 1201 griechischen
1051 1140 1310 1203 Originale
1368 1141 1449 1199 (de
1508 1141 1641 1188 And.
1701 1141 1828 1187 Eun.

487 1223 691 1286 Heaut.)
753 1223 1079 1270 Halberstadt
1129 1227 1272 1283 1884.

414 1306 469 1353 C.
518 1307 709 1353 Rlssorzl..
794 1307 989 1353 Terenz
1049 1307 1111 1353 im
1173 1306 1487 1354 Verhaltniss
1544 1325 1600 1353 zu
1658 1307 1828 1353 seinen

484 1389 839 1436 Griechischen
901 1390 1194 1451 Originalen
1254 1390 1336 1454 (de
1408 1391 1543 1438 And.
1609 1390 1827 1452 Adelph.

485 1473 634 1536 Eun.)
692 1473 912 1519 Wetzlar
961 1476 1104 1533 1884.

414 1555 503 1602 ΡΗ.
534 1556 705 1602 Fixum.
749 1556 844 1602 Les
866 1556 1136 1617 prologues
1157 1557 1218 1603 de
1243 1556 1485 1603 Terence.
1513 1556 1650 1603 Paris
1681 1559 1826 1603 1888.

412 1639 481 1685 ID.
561 1639 612 1685 P.
656 1639 862 1686 Terenti
904 1640 1011 1686 Afri
1055 1640 1342 1686 Eunuchus.
1405 1640 1541 1687 Paris
1589 1643 1733 1700 1895.

414 1723 467 1769 F.
513 1722 746 1770 NENeiNr.
816 1723 892 1769 De
934 1723 1174 1770 Terentio
1213 1723 1419 1786 eiusque
1458 1723 1692 1770 fontibus,
1755 1724 1830 1770 Li-

482 1805 627 1851 burni
676 1808 821 1865 1891.

414 1888 478 1934 H.
522 1888 583 1935 T.
628 1889 884 1935 KA1<sT1·3N.
952 1889 1243 1936 Terentiani
1297 1889 1491 1951 prologi
1543 1900 1664 1952 quot
1714 1906 1830 1951 qua-

482 1971 651 2034 lesque
702 1972 883 2019 fuerint
931 1983 980 2018 et
1019 1972 1198 2034 quibus
1237 1972 1511 2019 fabularum
1553 1973 1831 2019 actionibus

482 2055 714 2102 destinati
754 2073 782 2102 a
822 2066 984 2117 poeta.
1048 2056 1280 2102 Mnemos
1322 2056 1383 2102 N.
1414 2057 1464 2102 S.
1498 2056 1646 2102 XXII
1684 2059 1827 2115 1894.

413 2138 464 2184 Ρ.
476 2138 799 2185 A.S11›1<1‹21x1.x.
820 2139 1151 2200 Quaestiones
1166 2139 1502 2186 Terentianae
1516 2139 1597 2204 (de
1609 2139 1828 2201 Adelph.

518 2221 674 2285 And.)
741 2222 948 2269 Dissert.
993 2222 1136 2269 litter.
1178 2222 1543 2269 Amstelodarni
1593 2239 1737 2282 1901.

413 2304 465 2349 In
506 2305 797 2366 fragmentis
837 2305 1043 2352 Graecis
1081 2305 1343 2352 laudandis
1370 2316 1568 2353 secutus
1594 2324 1702 2352 sum
1730 2306 1828 2352 edi-

269 2387 454 2432 tionem
498 2387 826 2435 Kockianam.

414 2470 512 2516 T11.
569 2471 734 2517 Kocn.
814 2471 1130 2518 Comicorum
1192 2472 1474 2518 Atticorum
1532 2472 1826 2533 fragmenta.

485 2552 596 2599 Vol.
639 2554 702 2599 III
745 2554 864 2600 Pars
904 2555 960 2601 ΙΙ.
1027 2554 1224 2616 Lipsiae
1273 2557 1418 2601 1888.
