2221 3526
1206 266 1235 306 4

587 391 782 438 dedisse
820 400 869 436 et
910 388 974 435 nil
1015 388 1210 435 dedisse
1250 387 1517 433 Verborum
1558 396 1741 432 tamen.

589 473 820 520 Colacem
861 488 967 518 esse
997 470 1157 517 Naevi
1185 481 1234 516 et
1270 469 1443 523 Plauti,
1473 479 1694 515 veterem
1722 466 1938 514 fabulam
1963 466 1999 529 Ι)

589 556 789 618 parasiti
828 571 1091 616 personam
1133 553 1246 599 inde
1285 552 1501 599 ablatam
1540 561 1589 597 et
1629 550 1808 597 militis.

590 662 839 710 Incusavit
895 661 1044 722 igitur
1101 670 1299 721 poetam
1359 676 1457 705 non
1509 676 1539 705 a
1590 658 1784 705 Graeco
1836 657 1923 703 sed
1973 672 2002 702 a

452 746 628 793 Latino
667 755 867 792 auctore
908 753 1185 790 mutuatum
1226 759 1348 796 esse,
1391 758 1519 804 quae
1547 741 1595 787 in
1623 739 1878 802 exemplar
1908 739 2001 801 pri-

449 829 656 876 marium
696 827 970 874 inseruerit.
1029 826 1130 872 Sed
1170 842 1280 872 cum
1320 824 1505 871 aediles
1545 823 1864 870 nihilominus
1891 838 2002 883 pro-

448 911 678 959 baverint
716 909 948 963 fabulam,
990 909 1125 955 irrita
1163 908 1252 954 fuit
1291 907 1553 954 accusatiO.
1611 906 1737 952 Cum
1776 905 1926 967 igitur
1953 905 2001 951 in

449 994 660 1057 prologo
700 992 968 1039 Terentius
1007 992 1135 1038 hanc
1174 990 1539 1037 accusationem
1575 998 2001 1042 commemoraret,

450 1079 544 1124 iam
584 1077 642 1123 lis
681 1077 926 1137 dirempta
965 1085 1070 1121 erat
1110 1090 1272 1136 neque
1314 1073 1458 1119 nimis
1496 1071 1661 1133 ampla
1693 1072 1736 1118 ei
1765 1089 1891 1133 opus
1916 1071 2006 1118 fuit

449 1160 751 1207 defensione.
814 1159 982 1205 Utitur
1020 1168 1186 1204 tamen
1227 1157 1423 1203 duobus
1461 1154 1783 1216 argumentis,

592 1243 809 1289 Primum
860 1241 1091 1288 adfirmat
1143 1257 1194 1286 se
1245 1256 1272 1285 e
1325 1239 1518 1285 Graeca
1555 1237 1722 1284 fabula
1767 1237 2003 1291 hausisse,

450 1327 537 1373 sed
576 1326 832 1386 ignorasse
871 1341 979 1371 eam
1011 1323 1186 1370 Latine
1214 1322 1309 1369 iam
1337 1321 1515 1368 factam
1544 1337 1651 1366 esse
1679 1337 1707 1366 a
1736 1320 1929 1366 Naevio
1957 1330 2006 1365 et

452 1408 654 1463 Plauto;
719 1418 822 1454 tum
886 1405 1143 1453 contendit
1206 1421 1531 1466 personarum
1590 1420 1731 1449 usum
1783 1403 2004 1448 omnium

451 1502 710 1554 poetarum
750 1507 857 1536 esse
898 1505 1212 1536 communem
1253 1487 1396 1550 (prol.
1444 1501 1503 1546 27
1545 1487 1702 1548 sqq.):

593 1598 645 1645 Si
685 1598 733 1644 id
771 1608 845 1644 est
885 1606 1159 1659 peccatum,
1203 1605 1459 1656 peccatum
1500 1593 1865 1655 inprudentiast

594 1692 786 1743 poetae,
828 1698 927 1727 non
969 1679 1052 1742 qui
1092 1679 1275 1725 furtum
1314 1678 1475 1724 facere
1515 1676 1772 1723 studuerit.

594 1765 642 1811 id
683 1765 748 1811 ita
787 1781 894 1810 esse
934 1780 1026 1809 vos
1065 1762 1159 1808 iam
1202 1761 1417 1808 iudicare
1459 1760 1698 1822 poteritis.

596 1847 751 1894 Colax
791 1846 1132 1893 Menandrist:
1175 1845 1221 1891 in
1263 1854 1367 1891 east
1407 1843 1652 1905 parasitus
1690 1842 1831 1889 colax

595 1942 643 1978 et
682 1930 822 1977 miles
859 1930 1132 1990 gloriosus:
1174 1946 1258 1975 033
1297 1945 1348 1974 30
1389 1927 1506 1991 (1110)
1547 1944 1645 1973 11011
1687 1936 1837 1985 negat

602 2066 636 2107 Ι)
693 2064 770 2101 Hic
800 2076 945 2101 versus
977 2063 1014 2099 in
1046 2061 1344 2109 antiquioribus
1376 2060 1625 2097 editionibus
1656 2059 1742 2096 31110
1772 2059 2009 2108 interpunc-

453 2132 564 2168 tione
603 2130 763 2179 legitur.
820 2128 1056 2177 Vissering:
1099 2128 1295 2165 Colacem
1336 2138 1428 2163 esse
1467 2126 1608 2171 Naevi,
1649 2132 1689 2162 et
1724 2125 1851 2161 Plauti
1882 2125 2010 2176 (esse)

454 2201 637 2234 veterem
659 2195 835 2233 fabulam
857 2195 959 2245 (3011.
982 2194 1096 2230 Milit.
1120 2193 1252 2243 glor.).
1277 2192 1337 2230 Cf.
1370 2192 1616 2228 Ritschclius
1640 2191 1803 2239 Parerg.
1826 2203 1862 2238 p.
1881 2201 1933 2237 99
1949 2204 2010 2239 sq.

453 2261 831 2310 lnterpunctionem
867 2260 1066 2297 minorem
1097 2263 1193 2307 post
1224 2257 1405 2304 „Plauti”
1436 2257 1575 2305 posuit
1606 2257 1841 2293 Lomannus
1871 2257 2011 2307 (Spec.

457 2329 542 2364 crit.
574 2340 612 2375 p.
644 2328 709 2373 83)
740 2326 788 2363 cf,
833 2325 1058 2362 Teuffelius
1090 2323 1221 2374 (Stud.
1253 2337 1290 2360 u.
1325 2323 1444 2361 Char.
1476 2335 1514 2370 p.
1547 2323 1619 2359 281
1653 2325 1743 2369 3(1.1.
1785 2323 1914 2359 Recte
1945 2323 2010 2359 hic

455 2394 604 2441 probat
633 2391 834 2429 Lomanni
866 2391 1158 2435 coniecturam,
1187 2390 1259 2426 scd
1282 2401 1388 2436 quac
1411 2389 1523 2425 addit
1544 2389 1595 2424 dc
1619 2388 1775 2424 sociata
1797 2389 2012 2435 utriusque

456 2464 606 2507 poetae
624 2469 763 2506 opera,
781 2457 889 2494 nullo
912 2456 1107 2503 exemplo
1131 2455 1466 2502 comprobantur.
1507 2454 1585 2490 Hic
1610 2454 1660 2490 de
1683 2454 1843 2490 duabus
1865 2453 2012 2491 sabulis

455 2525 524 2572 (de
554 2523 767 2570 utriusque
798 2526 949 2570 poetae
981 2520 1151 2563 Colace)
1181 2519 1420 2557 Terentium
1449 2519 1573 2566 loqui,
1605 2519 1745 2567 negari
1777 2531 1857 2555 non
1888 2531 2012 2566 posse

455 2589 550 2627 mihi
578 2589 753 2626 videtur.
796 2587 1019 2634 Utriusque
1051 2585 1212 2623 fabulae
1241 2585 1469 2634 fragmenta
1491 2589 1726 2632 supersunt.
1774 2583 1868 2622 Sive
1891 2584 2013 2633 igitur

456 2659 552 2703 post
580 2653 779 2691 Naevium
805 2652 969 2689 Plautus
992 2651 1206 2688 Menandri
1230 2650 1425 2688 Colacem
1444 2650 1579 2696 vertit,
1602 2650 1687 2687 sive
1710 2649 1812 2686 illius
1834 2648 2013 2686 fabulam

457 2719 697 2757 retractavit
735 2718 834 2768 (non
874 2723 1011 2754 autem
1051 2716 1107 2753 sic
1147 2715 1258 2763 loqui
1297 2715 1430 2763 potuit
1469 2715 1704 2761 Terentius,
1745 2715 1819 2751 nisi
1851 2714 2011 2751 fabulae

457 2785 680 2822 simillimae
710 2782 879 2831 essent),
901 2782 1098 2819 Terentio
1120 2786 1405 2830 argumentum
1427 2780 1512 2827 suit,
1535 2792 1616 2828 quo
1638 2785 1782 2828 posset
1803 2791 1847 2816 se
1872 2780 2013 2817 defen-

458 2851 557 2887 dere
588 2862 610 2886 a
640 2849 734 2885 furti
764 2848 944 2885 crimine.
993 2847 1076 2884 Sed
1106 2846 1198 2882 inde
1229 2858 1309 2882 non
1336 2846 1522 2893 sequitui·
1543 2858 1636 2882 eum
1657 2847 1736 2882 hoc
1757 2850 2013 2894 argumento,

459 2928 540 2963 quo
578 2916 656 2951 iam
694 2926 792 2950 usus
833 2918 945 2950 esset
984 2912 1111 2950 Andr.
1153 2912 1255 2959 prol.
1299 2912 1354 2957 18,
1391 2911 1454 2948 1110
1486 2912 1542 2947 uti
1570 2911 1763 2948 debuisse
1792 2910 1860 2961 (cf.
1891 2911 2014 2948 etiam

460 2982 549 3018 [un
578 2981 679 3029 prol.
710 2981 788 3029 43).
1500 2980 1503 2983 '
