2221 3526
874 246 931 294 71

341 374 402 439 μ’),
441 375 664 438 δἐῡμαῖχει,
705 371 816 437 μηδὲ
858 371 1071 441 πρσσαῖγῡυ
1110 382 1166 440 τῴ
1206 370 1428 441 πράγματι

868 451 875 466 N

346 465 562 521 Χειμώνας
600 455 775 524 ἑτέρως,
817 474 910 511 τῡυς
949 454 1251 519 ὃάῘναγκκίους
1290 455 1390 523 φέρε.

272 579 479 624 Prorsus
517 575 613 623 alia
652 575 770 622 mihi
810 575 1006 622 videtur
1044 575 1293 622 sententia
1330 575 1385 621 fr.
1432 578 1556 634 798:

339 681 468 746 μένος
496 679 575 729 ἔστ’
606 680 932 750 ἅπαρηγέρητον
959 682 1149 744 („quod
1177 682 1411 744 adloquio
1435 682 1561 729 flecti
1584 698 1681 728 non

411 765 620 829 possit'')
661 762 901 832 ἆνέρεῦποις
939 761 1054 832 ἔρως,

129 885 277 937 atque
316 893 399 921 vss
440 874 473 921 I.
525 890 562 920 1.
614 889 667 919 12
711 890 783 935 sq,
825 873 888 919 ad
928 890 1053 935 quos
1095 872 1364 920 Nencinius
1404 891 1449 935 p.
1493 875 1553 933 85
1593 872 1685 918 hoc

129 958 461 1020 fragmentum
502 956 751 1019 pertinere
790 955 1080 1018 suspicatur.

272 1040 485 1103 Oportet
526 1039 774 1086 Thaidem
816 1037 1091 1085 Phaedriae
1118 1038 1352 1086 arcessito
1379 1038 1457 1102 (cf.
1492 1055 1533 1093 2,
1572 1038 1685 1102 100)

129 1134 354 1172 accurate
394 1140 610 1177 narrare,
652 1139 798 1184 quam
841 1121 905 1168 ob
946 1138 1048 1168 rem
1088 1138 1199 1168 eum
1239 1121 1515 1175 excluserit,
1543 1121 1687 1184 eique

130 1207 444 1269 persuadere.
486 1217 536 1253 ut
575 1205 760 1268 aliquot
799 1205 905 1252 dies
941 1222 1039 1251 non
1068 1205 1254 1259 veniat,
1283 1205 1397 1267 quia
1423 1204 1684 1266 plurimum

129 1307 215 1338 sua
254 1290 515 1337 interesset
543 1288 810 1344 aemulum,
841 1287 1045 1335 militem
1074 1289 1280 1335 divitem
1309 1288 1388 1352 (cf.
1427 1303 1535 1349 125,
1574 1289 1687 1352 192)

129 1374 219 1420 sibi
283 1374 402 1421 dare
468 1372 778 1435 Pamphilam
836 1371 1099 1433 virginem.
1179 1371 1378 1426 Omnia,
1443 1389 1569 1434 quae
1626 1372 1688 1418 de

133 1456 394 1518 Pamphila
445 1467 628 1510 narrat,
681 1455 829 1502 etiam
883 1455 1127 1501 Eunucho
1178 1455 1423 1501 debentur
1472 1465 1522 1501 et
1571 1455 1688 1502 satis

131 1550 413 1602 opportune
454 1539 531 1585 hic
569 1539 816 1600 leguntur,
858 1538 972 1600 quia
1012 1555 1111 1584 non
1139 1537 1296 1584 solum
1326 1538 1566 1592 Chaerea,
1600 1538 1688 1585 sed

130 1623 278 1669 etiam
321 1621 577 1683 Pamphila
618 1621 776 1684 prima
816 1621 959 1667 huius
993 1620 1189 1668 fabulae
1217 1637 1431 1683 persona
1458 1620 1690 1667 habenda

131 1717 233 1761 est;
286 1705 467 1752 deinde
519 1715 844 1767 praeparatur
895 1704 1126 1751 deductio
1179 1703 1386 1766 puellae,
1440 1721 1587 1767 quam
1640 1704 1687 1750 in

130 1788 299 1852 platea
337 1799 655 1850 conspectam
695 1798 945 1835 amaturus
983 1798 1059 1834 est
1098 1787 1337 1834 Chaerea.

274 1872 407 1919 Tota
457 1872 606 1933 igitur
657 1888 836 1918 scaena
889 1871 922 1918 Ι.
976 1887 998 1916 2
1042 1888 1103 1917 ex
1142 1870 1387 1917 Eunucho
1426 1870 1690 1932 desumpta

130 1967 220 2011 est,
260 1955 482 2018 exceptis
521 1973 620 2002 vss.
670 1959 780 2016 165,
830 1958 940 2009 166,
982 1954 1215 2016 quoniam
1250 1954 1465 2001 vidimus
1492 1971 1688 2001 servam

132 2039 482 2101 Aethiopicam
521 2056 548 2085 e
588 2037 770 2085 Colace
810 2055 838 2084 a
878 2037 1119 2084 Terentio
1159 2055 1267 2084 eum
1307 2037 1534 2084 eunucho
1572 2053 1688 2084 con-

132 2123 347 2170 iunctam
369 2139 493 2169 esse.
524 2122 670 2168 Hanc
692 2121 756 2167 ob
780 2138 881 2168 rem
904 2120 1057 2167 semel
1080 2137 1276 2175 moneo,
1301 2120 1688 2183 quotiescunque

133 2205 400 2253 Terentius
451 2204 682 2267 loquatur
733 2205 794 2251 de
845 2204 1074 2250 eunucho
1119 2214 1168 2250 et
1206 2220 1352 2250 serva
1391 2203 1689 2265 Aethiopica

131 2299 215 2336 aut
253 2299 420 2336 utatur
459 2305 666 2334 numero
707 2286 882 2350 plurali
916 2287 978 2350 (e.
1007 2304 1056 2349 g.
1091 2300 1216 2346 207:
1259 2286 1351 2341 isti,
1381 2290 1509 2346 469:
1550 2286 1688 2350 istos)

132 2373 179 2420 in
221 2372 415 2419 Graeca
452 2371 618 2418 fabula
651 2381 843 2418 tantum
871 2388 1153 2417 sermonem
1181 2370 1329 2417 fuisse
1356 2371 1417 2417 de
1444 2370 1686 2417 eunucho.

274 2455 358 2501 Ad
416 2454 544 2501 hanc
594 2471 826 2502 scaenam
880 2454 1158 2501 NENCINIUS
1209 2471 1308 2500 non
1362 2452 1490 2500 male
1543 2453 1690 2500 refert

131 2538 187 2585 fr.
249 2554 370 2597 191:
430 2534 773 2604 „wetogmssrepog
824 2534 1027 2600 eadm&
1099 2537 1368 2599 Postquam
1408 2554 1456 2584 v.
1498 2537 1545 2583 d.
1587 2536 1687 2583 ani-

133 2621 400 2668 madvertit
428 2621 751 2668 Duebnerum
780 2620 1026 2685 (Kockius
1048 2637 1337 2682 perperam:
1369 2619 1688 2683 Grauertum)

132 2705 180 2751 in
221 2704 387 2752 annal.
429 2703 548 2766 phil.
592 2705 656 2752 X.
697 2722 744 2766 p.
778 2720 842 2764 30
882 2704 975 2750 hoc
1002 2703 1322 2766 proverbium
1352 2702 1597 2750 rettulisse
1625 2703 1688 2749 ad

133 2788 213 2843 ΙΙΙ,
247 2803 290 2848 5.
320 2790 403 2847 48,
446 2787 528 2834 ubi
563 2787 789 2834 Chaerea
823 2786 1073 2834 flabellum
1103 2786 1350 2848 accipiens
1379 2803 1477 2832 non
1505 2786 1689 2833 audeat

133 2871 347 2926 muttire,
406 2871 474 2917 sic
530 2870 694 2932 pergit
750 2884 796 2932 p.
847 2886 968 2916 100:
1034 2870 1134 2926 „At
1183 2886 1440 2932 nusquam,
1493 2868 1686 2931 opinor,

140 2953 489 3017 „proverbium
529 2953 701 3005 melius
740 2954 949 3016 quadrat
982 2970 1131 3016 quam
1160 2954 1223 3000 ad
1251 2953 1284 2999 Ι.
1318 2969 1361 3000 2.
1395 2969 1418 2999 2
1429 2969 1485 3013 3:
1532 2969 1687 3015 „quae
