2221 3526
1150 270 1216 314 90

405 411 502 455 que
561 394 823 441 Menandri
881 395 1095 441 fabulam
1155 396 1456 444 adhibuisse.
1521 397 1603 443 Ad
1661 397 1958 444 Eunuchum

406 476 567 523 rettuli
609 477 933 524 Parmenonis
971 478 1253 524 eunuchum
1295 479 1547 526 offerentis
1584 490 1634 527 et
1673 480 1719 526 in
1754 480 1956 526 militem

404 558 688 606 invehentis
727 561 882 607 verba
921 561 1243 624 <461ffl485)
1282 572 1332 609 et
1366 562 1575 609 Thaidis
1601 562 1959 624 proficiscentis

405 642 639 688 mandata
679 642 1014 706 (500-506).
1057 643 1237 689 Cetera
1276 644 1540 691 maximam
1570 655 1761 706 partem
1791 644 1958 692 Colaci

404 724 549 771 tribui
589 736 812 786 possunt,
843 725 890 771 in
919 742 1016 787 qua
1042 725 1208 772 fabula
1236 727 1301 774 ita
1332 744 1409 773 res
1435 738 1544 774 acta
1571 728 1716 775 fuisse
1744 728 1956 782 videtur,

404 817 456 853 ut
503 807 660 854 Thais
700 806 935 869 prodierit
975 818 1024 854 et
1065 808 1202 855 militi
1241 809 1428 870 gratias
1466 810 1625 872 egerit
1662 821 1711 857 et
1750 828 1857 857 cum
1898 829 1957 857 eo

402 900 451 936 et
472 890 689 951 parasito
711 891 773 937 ad
796 907 969 936 cenam
1000 889 1127 937 itura
1155 909 1182 938 a
1210 892 1520 940 Parmenone
1547 910 1657 939 cum
1687 893 1957 940 Phaedriae

402 973 535 1019 dono
572 974 873 1020 adveniente
908 984 1101 1020 retenta
1127 974 1203 1030 sit,
1234 986 1286 1022 ut
1312 976 1354 1021 ei
1382 992 1578 1022 servam
1607 976 1956 1037 Aethiopicam

400 1056 542 1120 (471)
582 1057 794 1104 offerret.
837 1058 999 1120 Quam
1040 1074 1148 1103 cum
1188 1058 1461 1119 accepisset
1498 1069 1548 1106 et
1586 1058 1956 1113 introduxisset,

400 1156 509 1185 cum
551 1139 703 1186 milite
742 1150 791 1186 et
831 1140 1050 1201 parasito
1088 1139 1210 1187 abiit
1249 1142 1311 1188 ad
1352 1159 1540 1189 cenam.

543 1222 835 1269 Terentium
877 1222 925 1269 in
967 1222 1049 1269 tali
1077 1240 1258 1270 scaena
1285 1225 1634 1285 componenda
1661 1242 1759 1271 non
1788 1242 1957 1286 presse

398 1315 617 1351 secutum
653 1322 761 1352 esse
789 1305 1092 1367 exemplaria
1120 1306 1329 1362 Graeca,
1357 1308 1445 1353 sed
1475 1307 1714 1354 nonnulla
1741 1318 1956 1355 mutasse

398 1398 483 1433 aut
503 1383 741 1441 omisisse,
767 1405 865 1434 non
894 1399 969 1434 est
996 1389 1130 1450 quod
1157 1388 1340 1436 diserte
1367 1407 1613 1437 moneam.
1645 1391 1686 1436 E
1708 1408 1806 1437 vss.
1836 1394 1954 1450 464,

398 1472 499 1528 466
551 1488 641 1532 sq„
693 1487 794 1530 494
847 1488 973 1533 sqq„
1027 1471 1133 1518 sine
1185 1471 1336 1518 dubio
1388 1473 1450 1518 ad
1497 1472 1691 1519 Colacis
1731 1490 1954 1520 normam

397 1552 634 1608 confictis,
694 1564 921 1615 apertum
973 1565 1048 1601 est
1100 1555 1463 1601 Parmenonem
1516 1555 1739 1617 pluribus
1789 1556 1956 1602 verbis

397 1653 507 1681 cum
561 1635 711 1683 milite
761 1636 1053 1684 altercatum
1093 1655 1201 1685 esse
1240 1649 1289 1685 et
1327 1656 1477 1700 supra
1517 1640 1582 1703 (p.
1625 1639 1711 1703 47)
1751 1651 1956 1701 propter

396 1736 493 1765 vss.
548 1733 647 1779 497
700 1738 808 1782 sqq.
862 1720 1193 1768 animadverti
1246 1721 1450 1768 militem
1503 1722 1710 1769 fortasse
1762 1722 1809 1768 in
1863 1723 1954 1770 hac

395 1819 593 1865 quoque
632 1820 812 1850 scaena
850 1821 940 1850 suo
980 1821 1116 1850 more
1158 1804 1557 1866 magnificentius
1585 1805 1799 1852 locutum
1828 1824 1950 1853 esse.

537 1886 620 1933 Ad
660 1904 757 1933 vss.
800 1901 899 1947 497
941 1905 1014 1950 sq.
1058 1888 1369 1935 referendum
1411 1899 1485 1935 est
1524 1889 1579 1936 fr.
1626 1903 1751 1948 297:

535 2008 639 2068 γελῶ
678 2004 723 2052 τὲ
764 2005 865 2073 πρὸς
905 2005 974 2054 τὸν
1014 2003 1200 2075 Κύπριῡν
1239 2004 1513 2071 ἐννοούμενῡς.

394 2136 524 2182 unde
563 2135 811 2191 discimus,
854 2148 905 2184 ut
931 2137 1025 2184 iam
1056 2138 1365 2185 GRAUERTus
1392 2156 1437 2200 p.
1477 2143 1569 2185 166
1597 2150 1646 2186 et
1675 2140 1953 2187 NENciNius

394 2237 440 2280 p.
492 2236 581 2279 103
623 2220 1098 2276 animadverterunt,
1140 2221 1510 2269 adulescentem
1551 2240 1579 2269 a
1619 2222 1770 2269 milite
1810 2224 1950 2287 (423)

392 2301 742 2363 compellatum
797 2320 894 2349 non
951 2303 1218 2359 Rhodium,
1272 2305 1359 2351 sed
1412 2305 1649 2367 Cyprium
1690 2306 1853 2353 fuisse.
1897 2307 1948 2352 In

392 2386 605 2431 eundem
648 2385 921 2433 Nencinius
948 2404 994 2448 p.
1035 2403 1127 2447 104
1156 2387 1212 2435 fr.
1245 2403 1371 2448 3oo:
1402 2391 1503 2444 Βοῦς
1532 2384 1716 2456 Κύπριῡς
1742 2389 1949 2436 fortasse

392 2467 576 2523 dictum
628 2469 920 2531 suspicatur,
975 2472 1109 2533 quod
1162 2470 1280 2517 mihi
1320 2471 1518 2519 videtur
1557 2471 1705 2519 etiam
1746 2472 1794 2519 in
1836 2474 1948 2520 Par-

392 2569 673 2607 menonem,
739 2552 820 2614 qui
885 2571 932 2600 v.
993 2557 1094 2612 496
1154 2571 1182 2600 a
1240 2553 1392 2601 milite
1458 2554 1673 2609 „domini
1725 2555 1946 2603 simiu’s''

390 2634 683 2696 appellatur,
725 2635 909 2683 dictum
950 2653 1057 2683 esse
1098 2654 1260 2698 posse.

534 2717 715 2765 Dorias
772 2718 898 2766 redit
956 2719 1040 2766 IV.
1111 2736 1147 2767 1.
1208 2737 1236 2767 a
1294 2719 1462 2767 militis
1514 2738 1637 2768 cena
1687 2732 1735 2768 et
1781 2733 1949 2769 narrat

391 2800 669 2848 Chremetis
690 2802 972 2864 praesentia
993 2802 1205 2865 iurgium
1230 2814 1392 2850 ortum
1414 2821 1521 2851 esse
1544 2805 1671 2851 inter
1699 2805 1946 2852 Thaidem

389 2894 438 2930 et
478 2884 808 2932 Thrasonem.
851 2885 1080 2932 Vidimus
1119 2886 1246 2933 hanc
1286 2904 1457 2933 cenam
1498 2898 1548 2934 et
1586 2887 1813 2950 iurgium,
1849 2906 1947 2950 quo

389 2979 714 3029 praeparetur
753 2969 1080 3031 oppugnatio,
1122 2980 1171 3016 et
1199 2956 1327 3017 hanc
1355 2970 1635 3017 Chremetis
1661 2988 1942 3033 personam,
