2221 3526
887 249 945 296 73

137 397 316 427 scaena
374 380 521 426 totius
576 377 767 424 fabulae
822 377 1002 422 nodum
1052 375 1287 420 continet.
1351 374 1460 419 Hoc
1500 384 1689 420 tantum

140 465 357 510 BENFmo
408 461 777 508 assentiendum
827 470 902 506 est
952 477 999 505 v.
1045 474 1142 517 319
1184 457 1365 502 verba:
1414 457 1507 509 „xi
1548 456 1688 506 clam,

138 544 392 608 precario‘'
427 544 572 590 edicti
601 542 843 605 praetoris
869 559 977 588 esse
1005 552 1153 602 atque
1182 557 1210 586 a
1239 538 1479 585 Terentio
1505 538 1689 591 addita,

136 640 186 676 ut
225 628 372 674 risum
415 637 640 673 moveret
677 624 1038 687 spectatoribus
1079 622 1334 669 Romanis.

277 710 359 757 Ad
400 727 573 757 vocem
621 706 865 771 „penum”
907 708 985 770 (II.
1030 723 1073 766 3.
1125 706 1202 769 19)
1242 705 1448 752 refertur
1474 703 1530 750 fr.
1569 719 1689 762 193:

136 791 422 858 ,mrofso'kwcs'
465 793 621 839 FAm
663 792 757 838 iam
798 789 1152 837 animadvertit
1191 807 1237 851 p.
1273 802 1331 848 57
1376 787 1549 833 horum
1584 803 1690 832 ver—

133 877 308 923 borum
374 894 472 923 non
537 892 737 937 prorsus
799 874 1011 921 eandem
1075 890 1183 919 esse
1246 870 1688 933 significationem:

135 961 383 1025 ,σιτῡβῡλία
433 959 610 1023 (Fabia
661 958 867 1021 aliique:
920 955 1174 1021 σιτοβοὶεῖὰ.)
1227 954 1348 1002 c’est
1398 953 1442 1001 le
1493 952 1587 999 lieu
1627 956 1689 998 ou

132 1043 231 1091 l'on
273 1061 406 1090 serre
447 1043 517 1090 les
557 1041 838 1105 provisions
877 1041 939 1087 de
979 1040 1187 1094 bouche,
1230 1055 1429 1101 penum,
1471 1037 1541 1084 les
1581 1053 1690 1097 pro-

132 1127 320 1174 visions
359 1127 420 1173 de
460 1126 651 1172 bouche
690 1122 1071 1172 elles-memes,‘'

274 1210 397 1256 Cum
440 1209 696 1256 Chaereae
736 1207 901 1271 aliquo
940 1206 1179 1268 temporis
1218 1205 1379 1267 spatio
1407 1205 1470 1251 ad
1498 1213 1689 1250 vestem

134 1295 419 1340 mutandam
468 1311 593 1356 opus
637 1293 700 1339 sit
751 1302 800 1339 et
845 1309 903 1339 ea
943 1308 1070 1354 quae
1111 1290 1329 1353 sequitur
1367 1305 1548 1336 scaena
1586 1287 1688 1351 (III.

140 1377 182 1441 1)
220 1378 283 1424 ad
325 1376 558 1423 Colacem
600 1376 861 1438 pertineat,
903 1375 1044 1436 posui
1086 1374 1228 1420 huius
1266 1389 1476 1420 scaenae
1503 1370 1612 1418 loco
1641 1370 1688 1416 in

132 1460 374 1507 Eunucho
415 1461 608 1507 Graeca
647 1460 852 1506 brevem
880 1458 1027 1505 fuisse
1055 1475 1301 1512 scaenam,
1333 1457 1379 1502 in
1409 1473 1507 1518 qua
1534 1454 1690 1501 Thais

130 1543 385 1606 prodierit,
427 1560 554 1606 quae
595 1543 802 1604 virginis
839 1552 1066 1604 receptae
1093 1540 1279 1603 gaudio
1306 1549 1555 1586 commota
1583 1554 1690 1584 nar—

131 1639 262 1675 raret
300 1645 352 1674 se
391 1628 454 1674 ad
496 1627 701 1674 militem
743 1627 918 1673 ituram
960 1643 1084 1680 esse,
1128 1635 1180 1671 ut
1217 1625 1261 1671 ei
1287 1623 1474 1685 gratias
1500 1632 1688 1684 ageretu

273 1712 412 1775 Quae
454 1710 732 1772 insequenti
771 1726 981 1756 scaenae
1021 1708 1285 1756 tribuenda
1323 1717 1453 1761 sunt,
1495 1706 1690 1752 efficere

130 1812 389 1856 possumus
417 1812 442 1840 e
470 1810 651 1840 scaena
673 1794 753 1841 III.
782 1810 823 1848 2,
849 1809 995 1855 quam
1018 1809 1046 1838 a
1075 1791 1316 1838 Terentio
1343 1808 1405 1837 ex
1434 1789 1689 1851 utriusque

128 1877 321 1924 fabulae
343 1893 523 1923 scaena
544 1877 808 1923 conflatam
831 1893 940 1922 esse
961 1875 1190 1922 vidimus.
1215 1873 1372 1921 Thais
1395 1873 1457 1920 ad
1485 1871 1688 1918 militem

129 1960 409 2022 profectura
460 1959 698 2006 retinetur
749 1977 778 2006 a
830 1959 1158 2012 Parmenone,
1206 1957 1288 2020 qui
1327 1956 1371 2003 ei
1412 1955 1687 2002 Chaeream

128 2043 339 2090 eunuchi
379 2053 518 2089 veste
553 2034 777 2089 indutum
807 2043 950 2089 offert
977 2052 1026 2088 et
1052 2058 1078 2088 e
1108 2040 1381 2088 Phaedriae
1410 2038 1689 2101 praeceptis

129 2127 313 2173 donum
367 2125 594 2173 laudibus
642 2136 787 2173 ornat
839 2137 889 2173 et
927 2125 975 2172 in
1018 2124 1221 2172 militem
1261 2123 1527 2171 invehitur.
1568 2121 1688 2168 Sine

128 2210 281 2256 dubio
334 2209 490 2256 Thais
537 2208 758 2271 pluribus
804 2209 986 2264 verbis,
1028 2225 1176 2271 quam
1217 2208 1265 2254 in
1304 2206 1470 2254 fabula
1510 2205 1688 2253 Latina

130 2293 198 2348 fit,
245 2292 352 2340 falsi
390 2292 602 2339 eunuchi
642 2292 838 2340 laudem
878 2291 1187 2355 praedicavit
1224 2301 1274 2338 et
1312 2307 1510 2337 servum
1552 2288 1688 2335 iussit

128 2376 332 2423 domino
370 2376 557 2438 gratias
595 2393 760 2438 agere.
805 2376 1003 2423 Deinde
1044 2374 1345 2422 Parmenoni
1389 2372 1609 2420 narravit
1634 2389 1687 2419 se

128 2460 371 2507 exituram
410 2476 519 2507 esse
545 2469 595 2506 et
621 2460 850 2507 eunucho
878 2460 1159 2506 introducto
1186 2457 1532 2520 mandatisque
1559 2455 1688 2503 datis

129 2543 350 2606 profecta
387 2553 477 2590 est.

272 2626 468 2673 Thaide
501 2626 570 2673 sic
598 2637 787 2674 remota
816 2627 1020 2689 Pythias
1047 2643 1245 2689 quoque
1273 2627 1423 2672 domo
1450 2633 1686 2670 evocatur

129 2710 348 2757 adventu
389 2709 684 2757 Chremetis.
740 2710 870 2756 Nam
905 2720 1168 2772 postquam
1198 2709 1438 2755 Chremes
1467 2706 1686 2753 narravit

128 2810 202 2848 ea,
244 2809 370 2855 quae
412 2793 492 2839 III.
537 2809 561 2853 3
604 2792 851 2854 leguntur,
895 2793 1098 2855 Pythias
1137 2792 1320 2854 prodiit
1346 2802 1395 2838 et
1421 2808 1447 2837 e
1477 2788 1685 2836 Thaidis

129 2875 408 2938 praeceptis
430 2875 800 2922 adulescentem
826 2875 1038 2937 rogavit,
1062 2886 1114 2922 ut
1137 2875 1319 2922 rediret
1339 2884 1422 2920 aut
1444 2883 1681 2927 maneret,

128 2969 178 3006 et
227 2968 480 3021 postremo
531 2958 737 3005 Doriam
790 2959 928 3006 iussit
977 2976 1090 3006 eum
1142 2959 1205 3005 ad
1252 2958 1516 3012 Thaidem,
1557 2974 1684 3019 quae
