2221 3526
1149 250 1209 308 58

402 392 529 438 inter
586 390 878 437 Chremetes
937 389 1167 436 Eunuchi
1225 388 1403 435 Graeci
1460 398 1511 435 et
1567 387 1746 435 Latini.
1830 387 1957 433 Cum

402 483 568 521 tamen
607 473 756 521 etiam
796 474 928 536 apud
969 471 1262 519 Terentium
1296 470 1376 518 ille
1409 470 1471 518 sit
1497 470 1790 518 adulescens
1818 469 1957 517 rusti-

402 575 502 613 cus,
556 556 811 619 utriusque
864 555 1184 602 rusticitatem
1238 554 1386 601 refert
1436 554 1500 601 ad
1548 553 1851 601 domicilium
1910 563 1960 600 et

402 639 664 687 discrimen
718 640 765 686 in
818 656 878 685 eo
929 648 1123 685 tantum
1175 636 1391 699 positum
1444 647 1599 699 putat,
1653 637 1787 699 quod
1827 636 1959 698 apud

403 723 697 771 Terentium
738 722 785 769 in
828 721 949 768 urbe
990 720 1304 776 habitaverit,
1334 721 1468 782 apud
1496 720 1831 767 Menandrum
1861 718 1959 766 ruri

401 823 598 870 semper
636 804 844 867 degerit.

545 890 801 936 BRAUNms
852 904 898 949 p.
956 899 1017 947 37
1060 886 1189 932 hanc
1229 885 1456 932 ficticiam
1498 885 1959 947 interpretationem

404 972 578 1020 merito
619 971 825 1018 re1ciens
863 980 1034 1017 censet
1073 969 1393 1016 rusticitatem
1435 968 1701 1015 Menandri
1735 969 1827 1023 „ad
1847 967 1960 1015 stul-

409 1055 594 1111 „titiam
635 1054 885 1117 quandam
926 1063 1076 1115 atque
1115 1052 1405 1106 fatuitatem,
1447 1062 1551 1098 tum
1596 1051 1961 1113 simplicitatem

408 1135 873 1201 „probitatemque”
914 1146 1141 1198 spectare
1182 1135 1578 1197 Terentiumque
1619 1134 1747 1182 hanc
1775 1134 1962 1196 ingenii

402 1232 594 1285 partem
637 1219 934 1282 neglexisse.
975 1219 1076 1266 Sed
1117 1219 1266 1265 modo
1305 1218 1521 1265 vidimus
1548 1217 1841 1265 Terentium
1871 1217 1965 1264 hoc

403 1321 717 1368 nequaquam
773 1302 1054 1365 neglexisse
1104 1311 1155 1348 et
1206 1300 1524 1348 Chremetem
1577 1301 1657 1347 III.
1713 1317 1739 1361 3
1790 1317 1966 1347 revera

402 1389 613 1437 eundem
656 1387 992 1433 characterem
1034 1394 1424 1447 repraesentare.

548 1472 758 1533 Propter
780 1469 908 1517 hanc
928 1468 1298 1516 similitudinem
1329 1468 1560 1515 KAMPIUS
1586 1484 1635 1529 p.
1673 1483 1746 1522 12,
1777 1467 1964 1514 Donati

403 1553 647 1602 scholium
713 1570 941 1601 mancum
1002 1562 1149 1607 ratus,
1208 1551 1367 1598 eicere
1424 1550 1530 1597 vult
1585 1550 1740 1597 verba
1803 1551 1965 1612 „apud

403 1635 789 1685 Menandrum.”

547 1721 841 1774 NENCINms,
896 1736 1005 1765 cum
1059 1718 1328 1765 secundum
1383 1716 1571 1764 Donati
1620 1715 1861 1763 scholium
1902 1717 1964 1763 ad

404 1805 484 1852 ΙΙΙ.
542 1821 585 1865 3.
648 1819 663 1850 1
709 1802 895 1865 aliquid
935 1801 1211 1849 interfuerit
1250 1801 1377 1848 inter
1417 1800 1735 1847 Chremetem
1776 1800 1964 1847 Teren-

403 1887 592 1935 tianum
644 1896 694 1933 et
739 1886 1127 1940 Menandreum,
1170 1885 1265 1931 hoc
1304 1884 1568 1931 discrimen
1610 1901 1708 1930 non
1749 1883 1965 1945 positum

402 1970 547 2017 fuisse
598 1979 738 2032 putat
777 1969 845 2033 (p.
889 1968 974 2033 87)
1017 1968 1064 2014 in
1107 1967 1376 2014 rusticitate
1414 1966 1502 2013 sed
1541 1966 1589 2013 in
1629 1977 1792 2013 aetate
1830 1966 1965 2030 (vide

403 2071 552 2116 supra
590 2071 637 2115 p.
682 2052 767 2117 oo)
810 2052 1230 2114 Chremetemque
1270 2050 1419 2112 igitur
1457 2051 1589 2112 apud
1629 2050 1964 2096 Menandrum

403 2137 549 2183 fuisse
606 2153 777 2183 senem
836 2146 886 2183 et
942 2135 991 2182 in
1053 2133 1242 2181 scholio
1298 2134 1507 2181 fortasse
1563 2133 1803 2180 excidisse
1855 2144 1968 2195 post

410 2218 811 2277 „Menandrum”
854 2218 1010 2265 verba
1055 2217 1231 2273 ‚‚senis,
1273 2216 1401 2264 hic.''

549 2302 738 2349 Donati
777 2302 1021 2349 scholium
1063 2301 1181 2348 mihi
1221 2317 1451 2347 mancum
1490 2317 1598 2346 esse
1627 2316 1725 2345 non
1754 2299 1964 2346 videtur.

408 2386 476 2433 Ut
516 2396 648 2432 recte
688 2384 1005 2447 intellegatur
1044 2383 1160 2446 quid
1199 2383 1291 2430 sibi
1331 2382 1466 2437 velit,
1506 2381 1602 2429 alia
1639 2381 1827 2429 scholia
1853 2399 1966 2429 con-

403 2469 609 2515 ferenda
647 2478 775 2515 sunt.

550 2551 633 2598 Ad
673 2550 894 2612 Adelph.
937 2550 1018 2597 ΙΙΙ.
1066 2566 1108 2597 2.
1155 2564 1215 2610 53
1245 2549 1308 2596 de
1338 2548 1587 2611 Hegione‚
1617 2547 1699 2611 qui
1726 2548 1774 2595 in
1802 2547 1969 2595 fabula

407 2635 586 2682 Latina
638 2645 713 2681 est
764 2634 1077 2696 propinquus
1121 2631 1310 2687 Simuli,
1357 2632 1613 2679 Sostratae
1658 2631 1837 2686 uxoris,
1884 2633 1967 2678 ad-

407 2728 547 2765 notat
601 2718 859 2764 Donatus:
919 2717 1103 2779 „Apud
1149 2716 1485 2763 Menandrum
1525 2716 1780 2762 Sostratae
1819 2715 1969 2762 frater

406 2799 703 2849 inducitur.”

550 2885 634 2931 Ad
686 2884 907 2930 eiusdem
958 2882 1154 2930 fabulae
1203 2883 1262 2928 V.
1307 2884 1351 2928 8.
1402 2896 1456 2942 15
1503 2882 1734 2929 Donatus
1771 2881 1966 2927 scribit:

415 2967 598 3030 „Apud
638 2967 973 3015 Menandrum
1013 2983 1167 3013 senex
1205 2965 1268 3012 de
1309 2964 1493 3027 nuptiis
1532 2982 1632 3012 non
1677 2963 1967 3026 gravatur.’'
