2221 3526
896 251 954 297 75

147 382 311 429 fabula
363 380 591 427 fluxerint
631 379 851 439 exceptis
892 396 989 424 vss,
1037 381 1329 436 724—726‚
1372 377 1451 438 qui
1491 394 1596 421 cum
1639 377 1700 422 ad

148 465 463 511 Chremetem
492 462 649 509 solum
679 461 1030 507 advenientem
1059 470 1109 506 et
1136 459 1269 506 litem
1299 460 1426 505 inter
1455 459 1700 505 Thaidem

148 547 450 608 militemque
489 555 717 607 spectent
758 543 998 590 Terentio
1038 542 1352 590 adscribendi
1392 553 1522 588 sunt.

288 629 412 676 Cum
470 638 636 674 tamen
693 644 844 689 supra
895 625 1142 687 posuerim
1196 625 1400 672 Doriam
1453 624 1600 671 etiam
1654 624 1701 670 in

149 711 415 759 Menandri
475 711 718 757 Eunucho
777 710 1095 756 Chremetem
1156 710 1219 755 ad
1277 708 1443 755 militis
1499 708 1699 754 domum

145 795 424 849 deduxisse,
466 793 797 841 necessarium
838 804 912 839 est
950 810 1059 839 eam
1101 802 1216 839 ante
1251 791 1334 838 IV.
1362 808 1406 851 3,
1437 791 1518 837 ubi
1548 790 1701 837 Phae-

144 879 280 926 driae
338 877 647 940 Pythiaeque
704 876 950 939 colloquio
1007 876 1227 929 interest,
1282 874 1499 921 rediisse.
1577 873 1700 919 Cum

143 973 307 1010 autem
361 962 444 1008 IV.
496 978 554 1015 1„
587 978 715 1023 quae
767 961 830 1007 ad
881 977 1054 1006 cenam
1109 958 1275 1005 militis
1314 970 1362 1005 et
1401 958 1535 1004 litem
1576 957 1703 1003 inter

143 1063 254 1093 eum
312 1056 362 1092 et
420 1044 667 1091 Thaidem
726 1053 932 1105 spectet,
995 1060 1022 1089 e
1075 1041 1256 1089 Colace
1309 1042 1572 1102 desumpta
1623 1040 1700 1094 sit,

144 1129 365 1191 suspicor
410 1128 457 1174 in
501 1127 745 1173 Eunucho
786 1126 930 1172 huius
968 1142 1178 1172 scaenae
1218 1125 1326 1171 loco
1366 1124 1515 1171 etiam
1554 1123 1702 1170 fuisse

144 1212 348 1259 brevem
400 1227 647 1264 scaenam,
701 1210 749 1256 in
802 1227 900 1272 qua
953 1209 1134 1256 Dorias
1186 1207 1385 1255 redierit
1435 1218 1484 1254 et
1534 1206 1703 1269 paucis

143 1295 310 1342 verbis
330 1293 692 1356 spectatoribus
716 1292 993 1340 narraverit
1014 1310 1081 1347 se,
1112 1292 1379 1339 Chremete
1406 1291 1469 1337 ad
1498 1290 1700 1337 militem

143 1379 373 1432 deducto,
427 1395 455 1424 a
508 1377 720 1431 Thaide,
774 1393 901 1438 quae
954 1393 1069 1422 mox
1121 1393 1230 1422 cum
1276 1392 1335 1421 eo
1375 1384 1586 1421 ventura
1623 1373 1699 1428 sit,

144 1461 465 1524 praemissam
528 1478 652 1507 esse.
721 1459 814 1506 His
878 1459 1088 1506 narratis
1150 1459 1358 1505 fortasse
1416 1457 1464 1504 in
1522 1474 1703 1504 scaena

144 1544 396 1600 remansit,
438 1544 555 1590 dum
594 1543 838 1590 Phaedria
867 1542 951 1590 IV.
986 1559 1008 1588 2
1042 1542 1272 1605 loquitur,
1302 1552 1353 1588 ut
1382 1541 1466 1588 IV.
1499 1557 1524 1601 3
1555 1539 1702 1587 collo-

143 1628 258 1690 quio
297 1627 536 1674 interesse
576 1626 747 1688 possit.
792 1627 920 1672 Nam
961 1626 1000 1672 si
1044 1625 1224 1671 Dorias
1265 1625 1311 1671 in
1344 1635 1512 1671 nostra
1538 1623 1703 1670 fabula

145 1712 230 1759 IV.
287 1727 311 1771 3
367 1728 478 1757 cum
525 1710 703 1772 Pythia
743 1709 939 1771 prodiit,
984 1709 1261 1756 necessario
1302 1709 1386 1756 IV.
1437 1724 1450 1754 1
1500 1708 1702 1754 domum

144 1794 327 1841 intrare
379 1793 564 1849 debuit,
616 1810 711 1855 quo
763 1793 892 1840 facto
943 1792 1049 1839 sine
1089 1792 1239 1839 dubio
1280 1809 1356 1838 res
1395 1791 1638 1853 pretiosas
1676 1808 1704 1837 a

145 1878 341 1924 Thaide
392 1877 435 1924 ei
487 1876 776 1923 commissas
827 1876 969 1940 (627)
1009 1876 1253 1938 deposuit.
1296 1875 1518 1922 Maxima
1557 1875 1704 1936 igitur

145 1961 378 2007 habenda
415 1972 490 2006 est
530 1959 753 2006 Terentii
795 1959 1117 2021 negligentia,
1159 1958 1239 2022 qui
1282 1959 1366 2006 IV.
1408 1975 1455 2018 4.
1497 1960 1700 2018 56—58

144 2045 336 2091 addens
377 2043 584 2106 Pythiae
624 2043 793 2090 tribuit
831 2044 1014 2090 verba:
1051 2043 1161 2098 „Tu
1190 2043 1326 2089 aufer
1354 2059 1527 2089 aurum
1557 2039 1700 2095 hoc”,

145 2139 228 2174 aut
276 2128 562 2189 ponendum
615 2137 690 2173 est
743 2126 949 2173 Doriam
1003 2127 1050 2173 in
1096 2143 1278 2173 scaena
1317 2125 1629 2172 remansisse.
1667 2125 1703 2187 Ι)

146 2211 246 2258 Iam
296 2228 404 2257 cum
456 2209 722 2257 verisimile
761 2210 823 2256 sit
864 2210 1070 2256 Doriam
1107 2210 1155 2256 in
1198 2208 1394 2264 Colace,
1436 2219 1701 2271 postquam

145 2312 174 2341 a
225 2293 376 2340 milite
429 2293 642 2348 redierit,
690 2294 854 2340 statim
895 2294 1096 2339 domum
1137 2293 1362 2347 intrasse,
1404 2304 1454 2339 ut
1495 2291 1704 2338 Thaidis

147 2395 224 2424 res
263 2377 505 2439 pretiosas
544 2377 773 2431 auferret,
802 2377 843 2440 2)
884 2377 987 2423 fieri
1016 2387 1195 2438 potest,
1225 2388 1276 2424 ut
1303 2376 1407 2438 ipse
1437 2375 1705 2422 Terentius

147 2461 275 2507 hanc
327 2460 651 2507 mutationem
704 2460 973 2515 admiserit,
1027 2477 1124 2523 qua
1176 2461 1260 2506 IV.
1303 2476 1349 2519 4.
1408 2462 1467 2520 58
1524 2459 1704 2505 Dorias

147 2543 392 2605 probabili
421 2560 568 2589 causa
595 2544 657 2590 de
685 2560 865 2590 scaena
892 2554 1224 2598 amoveretur,
1253 2544 1339 2589 sed
1368 2542 1472 2589 veri
1499 2541 1704 2588 similius

147 2627 267 2673 mihi
306 2627 503 2673 videtur
541 2643 653 2672 eum
690 2626 786 2673 'hac
826 2626 874 2672 in
916 2643 967 2672 re
1006 2637 1228 2673 secutum
1268 2644 1376 2672 esse
1406 2625 1701 2672 Eunuchum

148 2720 294 2772 atque
323 2709 472 2770 igitur
499 2709 546 2755 in
581 2725 640 2755 ea
666 2708 848 2764 fabula,
881 2719 932 2755 ut
959 2726 1107 2770 supra
1135 2709 1290 2771 posui,
1321 2725 1422 2755 rem
1451 2708 1517 2755 ita
1543 2717 1701 2753 actam

296 2908 331 2959 1)
386 2909 433 2945 V.
463 2909 540 2954 647
570 2881 771 2946 Phaedria
800 2920 923 2945 unam
952 2908 1136 2956 Pythiam
1165 2907 1356 2945 nominat.

292 2975 332 3022 2)
390 2974 450 3012 Cf.
482 2985 520 3021 p.
550 2983 612 3019 92.
