2221 3526
1190 290 1248 335 52

442 417 631 465 ratione
647 435 756 464 cum
780 417 976 464 Thaide
998 416 1293 463 coniunctus
1313 426 1419 462 erat
1437 434 1444 470 ;
1464 432 1563 461 non
1579 415 1711 462 enim
1727 426 1832 462 erat
1847 415 1996 462 frater

441 500 648 562 virginis
698 509 970 561 surreptae,
1018 499 1105 544 sed
1145 497 1301 544 multo
1340 498 1499 559 magis
1539 497 1706 544 rivalis
1745 497 1926 546 militis.
1959 498 1995 563 1)

584 583 781 629 Deinde
819 582 967 629 etiam
1009 581 1094 628 IV.
1141 595 1164 640 5
1207 591 1256 626 et
1298 584 1326 626 6
1353 580 1472 626 mihi
1499 597 1526 626 e
1556 580 1736 627 Colace
1764 581 1995 642 desump-

441 676 519 712 tae
558 666 804 712 videntur.
845 666 1111 726 Perperam
1146 663 1277 709 enim
1308 664 1567 710 BRAUNIUs
1594 681 1642 725 p.
1674 668 1737 724 36
1767 664 1996 725 perhibet

441 749 526 796 IV.
589 764 611 809 5
672 749 920 810 pertinere
971 748 1034 794 ad
1087 747 1401 794 Eunuchum.
1455 746 1581 792 Cum
1640 746 1771 793 enim
1830 747 1996 793 militis

439 849 577 887 cena,
619 833 750 878 unde
790 831 1031 877 Chremes
1070 830 1149 876 hic
1188 829 1470 885 revertitur,
1510 846 1537 876 e
1578 829 1758 876 Colace
1800 830 1996 878 fluxerit

439 925 588 977 atque
629 914 871 960 Braunius
910 913 1015 975 ipse
1055 912 1284 959 adfirmet
1322 912 1673 967 „Chremetem
1701 911 1797 959 alio
1826 914 1992 968 modo,

439 998 673 1060 quoniam
726 997 831 1043 rixa
881 995 1046 1043 militis
1099 995 1364 1042 Menandri
1417 995 1663 1041 Eunucho
1716 1012 1815 1041 non
1862 995 1992 1050 insit,

440 1080 687 1127 Thaidem
739 1078 1066 1127 convenisse'’
1120 1095 1269 1141 quam
1322 1078 1370 1124 in
1424 1077 1590 1124 militis
1635 1094 1824 1132 cenam,
1867 1078 1995 1125 hanc

438 1180 638 1225 quoque
676 1179 906 1210 scaenam
947 1161 1114 1208 Colaci
1154 1162 1371 1208 dandam
1411 1177 1519 1207 esse
1559 1177 1753 1207 censeo.

579 1247 632 1292 In
674 1245 855 1293 Colace
895 1245 1044 1308 igitur
1084 1244 1339 1299 Chremes,
1381 1255 1646 1306 postquam
1686 1244 1750 1290 ad
1789 1243 1993 1292 militem

436 1330 679 1376 deductus
734 1340 898 1392 atque,
958 1339 1011 1375 ut
1067 1345 1128 1375 ex
1185 1328 1270 1375 IV.
1338 1344 1376 1382 1,
1430 1344 1556 1390 quae
1613 1343 1794 1374 scaena
1843 1327 1991 1374 etiam

437 1413 652 1475 pertinet
702 1414 765 1459 ad
805 1412 1054 1467 Colacem,
1096 1411 1406 1473 perspicitur,
1448 1411 1496 1456 in
1538 1427 1711 1456 cenam
1751 1411 1996 1457 admissus

436 1507 526 1550 est,
578 1496 645 1543 ita
694 1496 814 1543 vino
864 1512 917 1542 se
968 1495 1214 1549 invitavit,
1268 1504 1321 1540 ut
1372 1494 1457 1542 IV.
1516 1509 1538 1554 5
1594 1493 1887 1555 semigravis
1931 1495 1995 1540 ad

438 1579 647 1626 Thaidis
674 1581 877 1626 domum
901 1579 1115 1634 redierit,
1139 1579 1310 1625 Status
1331 1578 1405 1624 sui
1427 1594 1527 1623 non
1550 1577 1754 1639 ignarus
1775 1577 1995 1639 apertius

436 1674 485 1710 et
523 1663 700 1710 vanius
739 1663 856 1710 dicit
893 1680 946 1709 se
987 1662 1191 1709 nimium
1231 1662 1335 1708 vini
1375 1661 1597 1707 hausisse
1631 1660 1751 1724 (727
1781 1661 1911 1725 sqq.)
1945 1672 1996 1709 et

435 1746 618 1793 affabili
670 1757 719 1793 et
756 1746 942 1793 blanda
980 1745 1205 1792 oratione
1246 1744 1473 1806 Pythiam
1514 1744 1832 1806 prosequitur
1870 1744 1994 1808 (730

436 1830 565 1894 sqq.)
613 1840 662 1876 et
701 1829 768 1876 ita
807 1829 1039 1892 loquitur,
1081 1839 1134 1875 ut
1175 1829 1406 1875 Donatus
1445 1827 1528 1891 (ad
1572 1843 1615 1882 2,
1660 1843 1705 1888 3,
1748 1831 1792 1882 6,
1843 1827 1921 1892 10)
1952 1828 1993 1892 2)

434 1913 539 1959 eius
578 1913 853 1959 orationem
894 1912 1078 1959 laudet.

577 1997 764 2050 IHMUs,
817 2006 1057 2058 quantum
1109 1994 1273 2049 video,
1327 2004 1458 2041 tacet
1508 1994 1570 2040 de
1609 1993 1800 2040 scaenis
1840 1994 1920 2040 III.
1964 2010 1990 2054 3

434 2091 483 2127 et
534 2081 618 2127 IV.
675 2095 698 2140 5
753 2090 802 2126 et
852 2089 1140 2141 comparata
1186 2077 1468 2124 Chremetis
1507 2076 1675 2124 indole
1714 2077 1761 2122 in
1801 2073 1994 2123 scaenis

435 2163 519 2210 IV.
574 2167 602 2210 6
653 2174 702 2209 et
757 2177 799 2222 7,
853 2173 1028 2224 putare
1081 2162 1278 2208 videtur
1330 2162 1397 2224 (p.
1461 2177 1518 2219 19
1573 2160 1666 2224 sq.)
1723 2160 1808 2208 IV.
1863 2164 1891 2206 6
1932 2176 1993 2206 ex

435 2246 679 2292 Eunucho
702 2245 926 2300 fluxisse;
958 2244 1142 2291 scilicet
1169 2261 1280 2290 cum
1310 2243 1551 2290 Chremes
1580 2243 1664 2289 IV.
1699 2247 1726 2289 6
1762 2242 1993 2298 „timidus

433 2341 483 2377 et
532 2328 698 2391 paullo
748 2327 1024 2390 stupidior‘'
1072 2328 1149 2384 sit,
1191 2328 1423 2390 idemque
1464 2327 1548 2372 IV.
1595 2341 1619 2385 7
1662 2343 1713 2372 56
1754 2326 1993 2388 praebeat

582 2464 616 2515 1)
673 2464 734 2502 Cf.
764 2463 899 2501 Ihnius
920 2475 958 2511 p.
987 2473 1032 2509 19
1052 2474 1120 2510 sq:
1153 2462 1445 2509 „Chremetem
1475 2461 1642 2508 quidem
1663 2461 1861 2498 nominari
1882 2461 1992 2508 apud

432 2529 672 2566 Terentium
711 2541 816 2575 eum,
857 2528 925 2575 qui
963 2527 1164 2564 Thaidem
1203 2531 1346 2564 contra
1384 2525 1551 2562 militem
1590 2525 1798 2572 defendat,
1843 2526 1917 2562 sed
1947 2537 1991 2561 re

431 2606 530 2633 vera
551 2607 641 2632 eam
664 2606 756 2631 6556
774 2605 1008 2641 personam,
1030 2604 1136 2640 quae
1158 2592 1293 2629 rivalis
1315 2597 1454 2639 partes
1477 2592 1515 2627 in
1539 2591 1692 2629 Colace
1714 2589 1990 2629 sustinuerit’'.

573 2660 700 2697 Fabia
739 2671 778 2707 p.
820 2659 867 2705 38
907 2663 998 2695 not:
1040 2658 1169 2704 „dans
1200 2658 1237 2694 la
1266 2656 1392 2694 scene
1423 2656 1620 2706 originale
1651 2657 1687 2693 le
1718 2657 1853 2694 soldat
1882 2657 1991 2693 avait

432 2737 537 2773 pour
567 2725 825 2763 adversaires
855 2735 934 2760 une
966 2723 1200 2760 courtisane
1231 2727 1272 2759 et
1291 2734 1346 2759 un
1367 2722 1466 2759 rival
1488 2722 1589 2758 dont
1610 2722 1799 2759 Terence
1821 2734 1843 2758 a
1863 2721 1990 2759 fondu

432 2791 469 2828 le
499 2791 586 2827 role
617 2801 719 2827 avec
750 2790 853 2827 celui
883 2790 935 2826 de
965 2788 1093 2826 Tha'i's
1123 2794 1165 2825 et
1194 2789 1246 2825 de
1277 2787 1517 2825 Chremes&

575 2879 613 2930 2)
669 2880 732 2916 Dc
763 2878 994 2917 Chremetis
1026 2878 1212 2915 oratione
1242 2877 1429 2914 Donatus
1455 2876 1553 2914 dicit
1575 2877 1625 2914 ad
1647 2876 1712 2913 IV.
1738 2885 1770 2924 5.
1793 2887 1836 2913 2:
1868 2876 1989 2923 „nihil

432 2945 700 2994 elegantius'’‚
734 2954 776 2991 3:
812 2944 990 2991 ‚‚Bcne'’,
1019 2945 1064 2980 6:
1096 2955 1244 2990 „quam
1275 2942 1378 2979 scite
1408 2942 1603 2989 dictum’¹‚
1641 2951 1704 2979 10:
1737 2942 1988 2989 „sapientius

433 3017 474 3048 et
496 3012 668 3048 facetius
684 3010 872 3062 (dictum)
893 3022 1015 3057 quam
1032 3010 1083 3046 ab
1100 3009 1214 3046 ebrio
1232 3008 1387 3045 rustico
1405 3001 1718 3045 adulescentulo
1735 3008 1986 3045 debuisset''.
