2221 3526
1159 258 1222 303 88

413 414 536 444 esse.
591 397 663 443 Ita
713 396 860 458 igitur
911 413 1013 443 rem
1065 407 1223 443 actam
1266 396 1414 443 fuisse
1454 407 1588 457 puto,
1630 407 1682 443 ut
1721 397 1768 443 in
1810 397 1968 458 prima

413 496 593 526 scaena
645 479 888 526 Phaedria
932 490 982 525 et
1023 479 1267 525 Parmeno
1306 479 1594 540 prodierint.
1637 479 1964 535 Adulescens,

413 579 576 624 quem,
616 561 683 609 ita
721 571 773 608 ut
811 561 857 607 in
901 561 1162 615 Eunucho,
1204 560 1457 607 exclusum
1497 561 1643 608 fuisse
1672 579 1771 608 non
1801 579 1966 609 neces-

412 644 594 691 sarium
617 654 706 699 est,
735 661 843 690 cum
871 660 1017 690 servo
1046 642 1343 705 colloquitur
1369 654 1418 690 et
1446 654 1612 691 narrat
1638 662 1691 692 se
1719 644 1965 692 Thaidem

412 727 720 774 meretricem
771 726 993 773 visurum
1044 742 1166 772 esse.
1219 726 1330 788 Ipsa
1370 726 1526 773 Thais
1565 728 1730 788 prodit
1767 738 1818 775 et
1855 728 1968 790 quia

415 811 611 857 Thraso
662 809 801 856 miles
849 809 941 855 sibi
992 808 1237 870 virginem
1289 810 1494 856 daturus
1532 809 1608 864 sit,
1655 827 1683 856 a
1723 810 1968 857 Phaedria

413 893 672 940 resistente
722 903 771 940 et
821 909 1040 939 amorem
1082 902 1295 938 testante
1334 902 1383 938 et
1421 910 1472 939 se
1513 910 1711 954 quoque
1751 892 1965 954 puellam

413 976 673 1023 missurum
727 992 833 1022 esse
886 974 1208 1036 promittente
1261 975 1507 1036 impetrat,
1562 986 1614 1021 ut
1664 974 1966 1037 aliquamdiu

412 1059 625 1105 secedat.
716 1059 985 1120 Postquam
1049 1057 1230 1103 deinde
1295 1057 1540 1104 Phaedria
1604 1058 1965 1105 Parmenonem

413 1141 551 1188 iussit
583 1158 779 1188 servam
807 1141 957 1187 domo
985 1157 1234 1187 arcessere
1261 1150 1310 1187 et
1337 1141 1399 1187 ad
1429 1139 1675 1187 Thaidem
1703 1141 1965 1196 deducere,

411 1224 654 1272 abierunt.

556 1307 652 1354 Hic
691 1324 870 1353 moneo
910 1306 957 1353 in
999 1306 1181 1353 Colace
1215 1306 1507 1353 Phaedriam
1542 1317 1655 1368 post
1682 1306 1809 1353 hanc
1835 1324 1966 1354 scae—

410 1408 522 1438 nam
582 1408 682 1436 non
740 1389 952 1451 amplius
1010 1388 1252 1451 prodiisse
1303 1400 1419 1436 ante
1472 1390 1620 1436 finem
1672 1389 1868 1437 fabulae
1918 1401 1968 1437 et

410 1473 733 1520 Parmenonis
771 1491 971 1536 quoque
1011 1483 1177 1535 partes
1218 1472 1372 1519 multo
1400 1472 1617 1520 minores
1642 1473 1791 1520 fuisse
1818 1490 1964 1536 quam

409 1558 457 1603 in
499 1556 759 1604 Eunucho.

552 1639 646 1686 His
673 1639 864 1686 scaenis
892 1639 1103 1701 peractis
1129 1639 1267 1701 sequi
1291 1639 1451 1701 potuit
1474 1639 1507 1685 Ι.
1536 1655 1578 1693 2,
1601 1640 1689 1686 sed
1713 1639 1816 1686 veri
1837 1637 1966 1685 simi-

409 1723 501 1770 lius
541 1723 658 1769 mihi
692 1723 889 1769 videtur
922 1740 1151 1769 scaenam
1187 1722 1527 1777 antecessisse,
1565 1722 1612 1768 in
1642 1740 1739 1785 qua
1768 1722 1966 1769 Thraso

409 1824 516 1853 cum
572 1806 842 1853 Gnathone
895 1805 1148 1867 prodierit,
1205 1817 1256 1852 ut
1301 1823 1496 1852 amores
1534 1823 1650 1852 suos
1689 1806 1877 1852 iactans
1915 1824 1967 1853 se

411 1890 619 1936 Thaidis
659 1908 855 1952 quoque
896 1907 1115 1935 amorem
1150 1889 1242 1935 sibi
1278 1889 1565 1936 conciliasse
1597 1889 1893 1951 gloriaretur
1918 1900 1968 1936 et

409 1973 679 2035 parasitum
732 1972 923 2020 iuberet
963 1973 1271 2034 Pamphilam
1311 1973 1374 2019 ad
1416 1972 1663 2019 Thaidem
1703 1973 1964 2019 deducere.

552 2057 634 2103 Ad
687 2055 968 2102 huiusmodi
1019 2073 1249 2102 scaenam
1303 2056 1488 2117 optime
1541 2056 1708 2102 referri
1758 2066 1967 2117 possunt

410 2140 610 2201 parasiti
649 2139 949 2186 assentantis
989 2139 1143 2185 verba
1182 2139 1256 2202 (fr.
1303 2139 1449 2203 295):

553 2246 761 2314 Χρυσίδα,
803 2243 1016 2313 Κορώνην,
1059 2242 1320 2313 Ἀντικῦραν,
1362 2242 1562 2309 Ἰσχα’δα,

550 2332 621 2376 καὶ
659 2325 899 2396 Ναννάριον
938 2325 1130 2392 ἔσχηκας
1171 2330 1330 2396 ὡραίαν
1368 2326 1545 2395 σφόδρα.

412 2449 508 2495 Hic
546 2448 695 2495 etiam
735 2465 1071 2494 commemoro
1112 2448 1166 2493 fr.
1202 2464 1296 2507 293
1326 2448 1389 2494 ad
1418 2447 1545 2494 hanc
1571 2458 1657 2501 aut
1686 2447 1964 2493 huiusmodi

409 2549 637 2579 scaenam
678 2531 958 2592 pertinens:

836 2647 969 2687 ΒΜΣ.
1009 2637 1191 2696 κοῒ-ῥλας
1230 2645 1397 2708 χωροῦν
1435 2639 1542 2687 δέκα

552 2725 591 2772 έν
631 2724 925 2787 Καππαδοκία
963 2722 1090 2771 κόνδυ
1129 2728 1328 2792 χρυσοῦν,
1369 2727 1595 2791 Στρουθία,

552 2810 638 2876 τρὶς
677 2806 833 2865 ἐξέπιον
875 2805 1024 2854 fractast)
1061 2813 1112 2870 γ’.
1154 2814 1230 2853 ΣΤ.
1273 2804 1554 2874 Ἀλεξάνδρου
1594 2806 1716 2854 πλέον

551 2896 623 2938 τοῦ
661 2889 868 2955 βασιλέως
908 2892 1118 2946 πέπωκας.
1159 2897 1200 2936 ss.
1241 2887 1324 2956 ουκ
1353 2889 1543 2947 ἔλαττον,
1585 2885 1644 2949 ου’,

551 2970 616 3038 μα
655 2972 730 3027 τὴν
770 2978 972 3029 Ἀθηνᾶν.
1013 2980 1090 3020 ΣΤ.
1130 2972 1244 3037 μέγα
1282 2992 1338 3037 γε,
