2221 3526
934 258 958 301 3

171 385 465 431 Eunuchum
498 384 671 429 Latine
700 394 1037 444 componeret.
1100 384 1174 428 Ex
1208 384 1367 430 citatis
1402 383 1720 445 prologorum

169 468 287 514 locis
313 479 520 528 apparet
550 466 858 517 Terentium,
882 483 992 512 cum
1016 466 1394 521 contaminaret,
1419 467 1466 512 in
1489 467 1720 522 fabulam,

153 567 316 612 -quam
369 549 656 602 imitaretur,
704 566 764 594 ex
817 548 911 595 alia
957 548 1122 595 fabula
1162 549 1425 595 inseruisse
1464 560 1549 596 aut
1588 551 1724 597 varia

175 648 330 694 „quae
395 630 728 683 convenere'',
795 643 879 678 aut
950 630 1271 692 ‚,personas''‚
1331 642 1415 678 aut
1480 631 1721 685 „locum''.

169 715 392 776 Excepta
450 714 598 774 igitur
655 714 865 765 Andria.
926 714 973 760 in
1027 731 1125 776 qua
1176 715 1237 760 de
1289 714 1724 761 contaminationis

167 797 492 859 amplitudine
532 797 727 844 difficile
767 797 966 844 videtur
1003 797 1234 853 iudicare,
1265 815 1374 844 cum
1404 798 1548 844 nimis
1573 815 1723 858 gene-

167 880 332 927 raliter
389 879 621 943 loquatur
678 891 826 942 poeta
882 892 931 927 et
989 880 1236 927 simillima
1286 891 1453 927 essent
1501 882 1724 928 Andriae

168 963 551 1026 Perinthiaeque
603 974 898 1023 argumenta
934 964 986 1027 Ι),
1039 963 1087 1009 in
1140 963 1340 1026 reliquis
1388 963 1565 1010 fabulis
1603 975 1724 1026 puto

167 1045 242 1091 his
293 1046 474 1092 finibus
523 1046 1022 1093 circumscribendam
1073 1064 1182 1093 esse
1233 1047 1722 1095 contaminationem.

167 1129 291 1175 Cum
320 1142 483 1176 autem
508 1130 555 1176 in
581 1130 825 1176 Eunucho
848 1147 1108 1191 personae,
1132 1148 1256 1193 quas
1279 1131 1547 1177 Terentius
1568 1142 1723 1178 trans-

166 1211 276 1259 tulit
308 1229 335 1258 e
367 1211 563 1265 Colace,
593 1224 820 1260 accurate
849 1213 1190 1275 designentur.
1222 1231 1319 1260 non
1348 1215 1723 1261 concedendum

165 1312 274 1342 esse
312 1312 508 1349 censeo,
549 1312 663 1342 eum
704 1296 751 1342 in
795 1297 1041 1342 Eunucho
1081 1296 1377 1358 multiplices
1415 1296 1536 1344 alias
1570 1308 1723 1344 muta-

165 1378 326 1424 tiones
376 1378 633 1425 admisisse
687 1396 777 1425 nec
829 1379 1094 1426 maximam
1147 1380 1274 1426 inter
1326 1380 1623 1427 Eunuchum
1676 1391 1726 1428 et

166 1460 398 1508 Colacem
451 1461 822 1509 similitudinem
877 1463 1156 1509 necessario
1195 1463 1456 1511 exstitisse.
1523 1463 1723 1510 Videbi-

166 1563 275 1591 mus
324 1556 491 1592 tamen
544 1556 855 1608 quantopere
907 1565 954 1593 v.
985 1548 1031 1593 d.
1083 1547 1379 1594 dissentiant
1429 1548 1490 1593 de
1530 1546 1723 1593 illorum

166 1646 263 1675 vss.
317 1629 679 1689 significatione
731 1640 780 1676 et
831 1631 892 1676 de
944 1629 1263 1677 similitudine
1309 1630 1387 1676 vel
1428 1630 1721 1685 differentia,

165 1729 293 1774 quae
314 1712 647 1759 intercesserit
669 1713 796 1760 inter
820 1713 1119 1759 Eunuchum
1144 1714 1388 1760 Graecam
1407 1724 1456 1760 et
1472 1713 1720 1761 Colacem.

165 1795 266 1842 Sed
315 1806 584 1858 antequam
639 1796 729 1842 hac
781 1797 842 1843 de
895 1813 945 1842 re
985 1813 1148 1857 agam,
1192 1796 1431 1844 nonnulla
1468 1807 1583 1844 sunt
1622 1814 1723 1843 mo-

166 1879 331 1925 nenda
368 1879 430 1925 de
469 1878 564 1925 alia
602 1879 918 1926 accusatione
959 1897 1107 1942 quarn
1152 1879 1366 1927 maxime
1406 1897 1515 1926 cum
1556 1890 1723 1927 conta-

166 1961 450 2009 minationis
476 1963 791 2009 accusatione
814 1962 1113 2010 cohaerente
1136 1973 1183 2009 te
1206 1980 1304 2026 qua
1326 1963 1374 2009 in
1398 1963 1491 2010 hoc
1512 1963 1723 2025 prologo

166 2045 434 2107 Terentius
472 2062 524 2092 se
564 2062 779 2107 purgare
818 2056 1041 2093 conatur.

307 2129 575 2191 Postquam
629 2129 835 2175 Luscius
875 2129 1168 2176 Lanuvinus
1206 2129 1445 2191 cognovit
1484 2129 1722 2191 populum

165 2211 213 2257 in
253 2212 500 2273 prioribus
538 2212 715 2258 fabulis
756 2212 983 2274 neglecta
1023 2213 1445 2259 contaminatione
1484 2212 1723 2274 plausisse

167 2295 421 2349 TerentiO,
475 2295 571 2342 iam
623 2296 772 2357 paulo
825 2296 966 2343 aliter
1020 2296 1152 2342 hunc
1210 2313 1478 2358 aggressus
1528 2307 1617 2351 est,
1672 2308 1724 2343 ut

165 2377 376 2439 legimus
414 2379 463 2424 in
505 2379 632 2426 Eun.
675 2378 798 2441 prol.
850 2395 906 2438 19
948 2396 1057 2442 sqq.

875 2503 1024 2548 quam
1066 2504 1198 2533 nunc
1237 2487 1392 2533 acturi
1431 2504 1600 2533 sumus

309 2567 574 2614 Menandri
615 2568 930 2623 Eunuchum,
973 2579 1238 2632 postquam
1279 2569 1464 2616 aediles
1495 2580 1723 2616 emerunt

307 2650 511 2711 perfecit
549 2651 657 2705 sibi,
685 2648 751 2697 'ut
791 2651 1089 2713 inspiciundi
1128 2662 1258 2698 esset
1297 2652 1454 2713 copia,

308 2733 627 2795 magistratus
665 2751 815 2796 quom
857 2735 922 2781 ibi
962 2736 1208 2782 adessent.
1250 2745 1503 2797 occeptast
1540 2735 1636 2796 agi.

307 2816 551 2864 exclamat
590 2818 762 2872 furem,
805 2835 903 2864 non
945 2828 1145 2880 poetam
1185 2818 1402 2865 fabulam

313 2980 346 3031 Ι)
404 2981 465 3019 Cf.
487 2981 693 3029 Sipkema.
730 2982 1007 3030 Quaestiones
1030 2983 1305 3020 Terentianae
1321 2982 1391 3033 (de
1407 2983 1582 3030 Adelph.
1600 2982 1724 3035 And.)
