2221 3526
1128 269 1190 312 92

526 393 609 439 Ad
659 410 830 440 cenam
886 394 1162 441 Grauertus
1213 412 1412 457 quoque
1470 396 1718 456 pertinere
1769 406 1938 442 censet

382 474 439 521 fr.
484 491 608 534 299:

985 569 1152 635 κωβιός,
1192 570 1467 631 ἠλακατῆνες,

524 651 645 708 κυνὸς
684 649 849 720 clpam

384 763 512 808 quae
569 748 747 794 Graeci
805 748 932 795 inter
988 749 1124 795 cibos
1180 749 1490 797 delicatiores
1541 750 1807 798 habebant.
1862 750 1937 798 Cf.

384 829 571 877 Athen.
614 831 701 878 IX.
743 848 789 892 p.
832 846 930 891 403
973 831 1020 878 b.

527 913 644 959 Post
684 913 811 960 hanc
849 930 1080 961 scaenam
1122 932 1219 961 non
1261 915 1425 962 statim
1467 915 1552 962 IV.
1592 932 1606 961 1
1642 916 1722 977 agi
1763 916 1936 977 potuit,

384 1012 494 1041 cum
533 995 733 1058 aliquod
773 1007 970 1058 tempus
1009 999 1276 1058 praeterire
1317 1015 1442 1060 opus
1480 1009 1626 1053 esset,
1666 1009 1718 1045 ut
1760 998 1939 1044 Dorias

385 1077 700 1126 Chremetem
741 1081 874 1141 apud
915 1080 1117 1128 militem
1159 1080 1329 1128 videre
1357 1093 1406 1129 et
1433 1081 1593 1128 redire
1620 1091 1803 1143 posset.
1847 1081 1940 1127 Per

384 1160 477 1207 hoc
515 1162 752 1224 temporis
789 1162 1004 1225 spatium
1046 1181 1192 1211 nemo
1234 1164 1324 1211 nisi
1365 1165 1569 1226 Pythias
1596 1164 1714 1210 mihi
1743 1164 1940 1211 videtur

382 1243 430 1290 in
470 1261 650 1292 scaena
689 1245 876 1293 versari
916 1247 1151 1308 potuisse,
1193 1265 1321 1310 quae
1361 1258 1474 1309 post
1513 1247 1795 1294 Chremetis
1828 1264 1938 1309 pro-

381 1327 644 1375 fectionem
697 1329 762 1376 ibi
814 1331 1051 1377 manserit
1101 1341 1149 1378 et
1212 1331 1273 1378 de
1338 1331 1617 1378 Chremetis
1674 1330 1938 1392 militisque

382 1427 653 1472 congressu
694 1411 858 1460 locuta
889 1413 966 1468 sit,
998 1431 1058 1460 ne
1086 1415 1383 1461 sumendum
1411 1414 1473 1461 sit
1500 1431 1703 1476 pausam
1731 1413 1939 1460 actionis

381 1492 730 1543 intercessisse.

526 1578 722 1625 Deinde
766 1579 945 1626 Dorias
986 1580 1129 1627 rediit
1167 1581 1272 1643 (IV.
1312 1580 1354 1644 1)
1393 1591 1443 1627 et
1477 1580 1697 1627 narravit
1724 1579 1937 1642 iurgium

381 1671 542 1707 ortum
594 1679 702 1708 esse
754 1661 881 1709 inter
922 1663 1235 1710 Thrasonem
1276 1674 1324 1710 et
1365 1663 1628 1718 Thaidem,
1670 1680 1794 1725 quae
1833 1663 1939 1709 sine

381 1743 532 1791 dubio
573 1761 687 1790 mox
715 1746 914 1792 domum
944 1757 1156 1793 ventura
1183 1747 1258 1793 sit.
1303 1747 1338 1810 Ι)
1381 1746 1698 1793 Manifestum
1726 1756 1801 1792 est
1826 1762 1935 1791 eam

382 1827 503 1874 haec
544 1844 769 1876 narrasse
809 1846 972 1876 coram
1016 1830 1208 1892 Pythia,
1245 1847 1373 1892 quae
1401 1830 1447 1876 in
1477 1846 1657 1876 scaena
1684 1828 1935 1883 manserit,

379 1921 465 1957 aut
505 1910 733 1972 Pythiam
774 1912 821 1958 in
864 1912 954 1959 hac
992 1930 1174 1960 scaena
1212 1913 1470 1975 prodiisse,
1511 1914 1573 1959 ad
1613 1930 1760 1975 quam
1790 1912 1938 1973 igitur

380 2011 481 2042 vss.
542 1999 817 2054 724——726
877 1996 1044 2043 referri
1102 1997 1308 2058 possint.
1379 1997 1507 2043 Nam
1567 1995 1686 2042 nihil
1739 1995 1938 2042 obstare

380 2075 592 2132 videtur,
646 2079 912 2141 quominus
963 2097 1254 2128 censeamus
1306 2081 1352 2126 in
1407 2079 1587 2126 Colace
1627 2090 1740 2141 post
1779 2079 1863 2125 IV.
1915 2095 1929 2124 1

380 2160 545 2207 statim
605 2161 690 2209 IV.
735 2177 758 2222 5
814 2174 974 2209 actam
1027 2181 1150 2218 esse,
1215 2181 1342 2226 quae
1400 2180 1580 2210 scaena
1629 2163 1736 2209 sine
1787 2162 1937 2209 dubio

382 2244 637 2291 immutata
687 2263 713 2292 e
765 2245 946 2293 Colace
985 2248 1249 2308 desumpta
1287 2257 1376 2293 est.
1431 2246 1660 2308 Pythiam
1700 2244 1850 2307 igitur
1889 2245 1936 2291 in

380 2344 560 2374 scaena
609 2329 796 2375 versari
847 2346 973 2391 opus
1023 2340 1144 2384 erat,
1199 2340 1251 2377 ut
1297 2329 1631 2383 Chremetem,
1673 2329 1757 2391 qui
1795 2328 1937 2376 semi-

379 2411 548 2471 gravis
587 2428 615 2457 a
654 2411 805 2458 milite
846 2412 1041 2467 rediret,
1083 2413 1344 2474 acciperet.

525 2494 750 2541 Vidimus
789 2495 855 2558 (p.
902 2496 984 2559 55)
1025 2496 1370 2559 insequentem
1411 2513 1641 2542 scaenam
1683 2495 1788 2559 (IV.
1833 2497 1882 2558 6)
1910 2512 1938 2541 a

382 2578 621 2626 Terentio
643 2597 702 2626 ex
726 2591 933 2642 utraque
953 2579 1117 2626 fabula
1138 2580 1400 2626 confictam
1429 2597 1550 2626 csse.
1594 2579 1677 2625 Ad
1705 2578 1936 2625 Colacem

381 2662 543 2710 rettuli
582 2681 681 2710 vss.
727 2677 1018 2723 739—7—742,
1059 2666 1350 2724 755—765‚
1386 2666 1676 2722 768—770,
1705 2680 1732 2709 e
1759 2662 1938 2724 quibus

380 2746 573 2793 efficere
624 2745 737 2793 licet
788 2745 915 2793 hanc
966 2763 1194 2793 scaenam
1247 2746 1295 2792 in
1339 2745 1518 2792 Colace
1558 2746 1624 2792 ita
1663 2745 1935 2792 institutam

527 2930 561 2981 Ι)
617 2930 697 2968 Vss
736 2932 943 2968 620—621
987 2932 1038 2968 de
1070 2931 1303 2969 Chremetis
1332 2942 1475 2967 sorore
1507 2930 1703 2967 Terentio
1734 2929 1938 2966 tribuendi

380 3001 484 3032 sunt.
530 2995 589 3033 Cf⁴
622 3008 659 3044 p.
695 3004 752 3043 55.
