2221 3526
996 262 1024 305 9

227 392 459 439 meretrix
498 391 619 437 abiit
657 401 706 436 et
746 389 886 435 miles
926 387 1244 433 Chremetem
1273 385 1603 444 semigravem
1634 385 1783 429 domo

224 475 381 522 eiecit.
438 473 726 520 Revertitur
761 471 837 517 hic
866 471 928 517 ad
971 468 1181 515 Thaidis
1214 468 1416 514 domum
1446 468 1512 529 (5.
1544 467 1626 529 A),
1657 484 1783 528 quae

178 564 186 569 '
225 557 373 619 paulo
425 567 538 618 post
582 566 631 602 et
671 555 777 616 ipsa
817 555 958 600 adest
999 551 1233 598 nuntians
1274 549 1474 596 militem
1518 559 1782 594 venturum

224 658 347 694 esse,
391 650 441 686 ut
484 639 727 700 virginem
769 637 860 683 sibi
901 635 1077 697 eripIat
1117 635 1184 697 (6.
1215 634 1290 696 C).
1352 633 1473 678 Mox
1508 632 1646 678 miles
1673 649 1783 677 cum

222 723 380 770 servis
431 722 597 784 prodit
650 720 919 768 meretricis
971 719 1173 765 domum
1221 732 1566 778 aggressuruS,
1607 715 1694 761 sed
1735 731 1784 760 re

223 806 403 854 infecta
441 805 651 852 discedit
689 806 756 867 (7.
787 804 870 866 A).

366 889 486 936 Act.
540 888 604 935 V.
694 888 794 933 lam
867 885 1071 948 Pythias
1130 883 1313 930 Thaidi
1374 893 1540 929 narrat
1596 880 1785 927 facinus

223 972 478 1019 Chaereae
519 972 586 1036 (ι.
621 972 693 1034 Β).
755 970 881 1016 Cum
923 968 1001 1015 ille
1039 969 1242 1014 domum
1273 966 1431 1013 redire
1463 965 1586 1019 vult,
1617 964 1786 1010 incidit

222 1056 270 1104 in
326 1056 591 1110 Thaidem,
645 1072 673 1101 a
725 1071 823 1117 qua
874 1069 985 1100 curn
1039 1050 1281 1112 comperit
1327 1048 1637 1111 Pamphilam
1677 1065 1786 1093 esse

221 1140 398 1194 civem,
439 1156 492 1186 se
532 1138 662 1185 illam
693 1154 897 1184 uxorem
938 1136 1199 1182 ducturum
1228 1150 1336 1180 esse
1364 1131 1607 1194 promittit
1637 1131 1702 1194 (2.
1729 1130 1785 1192 B)

221 1234 271 1270 et
308 1223 442 1285 apud
485 1222 732 1268 Thaidem
775 1218 1059 1266 Chremetis
1098 1218 1372 1264 adventum
1401 1225 1672 1277 exspectat,
1702 1213 1785 1276 qui

223 1323 338 1353 mox
378 1305 504 1353 redit
543 1322 653 1351 cum
695 1303 962 1365 Sophrona
991 1301 1180 1348 nutrice
1210 1311 1262 1347 ut
1291 1309 1616 1361 recognoscat
1642 1297 1787 1359 signa

222 1388 289 1452 (3.
320 1389 394 1452 B).
447 1388 643 1435 Interea
681 1387 884 1449 Pythias
913 1386 960 1432 in
992 1385 1354 1431 Parmenonem
1385 1382 1641 1430 turbarum
1676 1398 1786 1427 auc-

221 1482 379 1519 torem
416 1470 671 1517 vindicare
699 1469 918 1531 cupiens,
950 1468 1112 1529 lepide
1140 1467 1184 1513 ei
1212 1466 1480 1528 persuadet
1510 1464 1785 1511 Chaeream

222 1572 251 1602 a
301 1554 569 1601 Chremete
619 1554 827 1614 turpiter
868 1552 1096 1613 punitum
1136 1550 1192 1596 iri
1233 1550 1296 1596 ob
1336 1548 1519 1596 sororis
1558 1546 1785 1593 iniuriam

223 1638 291 1701 (4.
322 1638 395 1701 B).
452 1637 547 1683 Hic
587 1637 736 1698 igitur
776 1646 1004 1682 metuens
1045 1634 1300 1680 Chaereae
1341 1643 1498 1680 totam
1529 1648 1630 1677 rem
1659 1629 1786 1692 patri

223 1721 329 1768 eius
380 1720 564 1767 indicat
616 1722 681 1783 (5.
727 1720 798 1783 Β),
853 1736 952 1781 quo
1003 1718 1132 1765 facto
1183 1716 1386 1778 Pythias
1425 1732 1537 1762 eum
1577 1713 1785 1768 deridet,

224 1804 364 1868 quasi
404 1804 681 1850 Chaeream
722 1813 771 1850 et
803 1820 855 1849 se
884 1802 1045 1864 ipsum
1074 1800 1346 1863 perdiderit
1374 1800 1440 1864 (6.
1473 1799 1544 1862 B).
1591 1797 1788 1843 Deinde

224 1889 287 1935 ad
327 1887 576 1934 Thaidem
618 1887 829 1933 redeunt
871 1886 1069 1932 Thraso
1103 1895 1152 1931 et
1182 1883 1403 1931 Gnatho.
1459 1881 1606 1928 Miles
1634 1898 1787 1927 mere-

224 1971 331 2018 trici
381 1988 434 2018 sc
485 1970 668 2017 dedere
709 1969 965 2016 constituit
1004 1969 1070 2031 (7.
1100 1968 1183 2031 A).
1248 1968 1382 2013 Dum
1422 1976 1538 2013 ante
1580 1964 1789 2011 Thaidis

225 2055 428 2101 domum
462 2065 741 2106 versantur,
778 2053 1003 2099 Chaerea
1040 2051 1205 2113 prodit
1231 2062 1281 2097 et
1309 2060 1476 2097 narrat
1503 2066 1554 2095 se
1583 2065 1788 2094 uxorem

225 2137 488 2184 ducturum
544 2154 653 2183 esse
706 2135 1017 2197 Pamphilam
1073 2134 1116 2180 T
1124 2134 1424 2195 haidemque
1476 2143 1631 2179 totam
1685 2131 1788 2177 fore

227 2219 515 2267 Phaedriae.
578 2219 775 2266 Thraso
817 2218 1141 2265 Gnathonem
1184 2227 1307 2278 orat,
1349 2228 1401 2263 ut
1440 2226 1647 2262 conetur
1681 2231 1788 2275 per-

228 2302 388 2356 ficere,
440 2313 492 2349 ut
544 2301 754 2348 Thaidis
805 2302 983 2348 domus
1036 2301 1082 2346 in
1136 2310 1390 2361 posterum
1444 2298 1535 2344 sibi
1589 2314 1788 2359 quoque

227 2396 411 2448 pateat.
441 2385 691 2432 Parasitus
719 2385 1014 2432 Phaedriam
1043 2394 1091 2430 et
1120 2384 1395 2430 Chaeream
1426 2392 1610 2435 monet,
1634 2397 1788 2442 quan-

227 2479 399 2530 topere
452 2468 591 2515 miles
641 2468 862 2529 locuples
914 2468 970 2514 iis
1011 2468 1249 2529 prodesse
1297 2466 1452 2528 possit
1493 2464 1785 2526 perficitque

229 2562 282 2599 ut
321 2551 584 2613 recipiatur
623 2552 689 2616 (8.
721 2552 795 2614 C).

371 2716 659 2778 Antequam
706 2727 906 2762 transeo
945 2716 1008 2762 ad
1047 2714 1435 2776 disputationem
1477 2714 1538 2760 de
1579 2711 1788 2773 singulis

228 2799 425 2846 fabulae
471 2799 709 2861 partibus,
751 2799 970 2845 breviter
1011 2798 1213 2852 notabo,
1255 2798 1435 2859 quibus
1475 2815 1521 2843 v.
1552 2798 1598 2843 rl.
1642 2813 1787 2857 opus-

229 2882 351 2929 culis
389 2882 438 2929 in
477 2881 823 2928 dissertatione
864 2898 973 2928 mea
1012 2899 1129 2927 usus
1167 2881 1273 2927 sim.

373 2965 619 3026 Imprimis
664 2964 952 3011 adiumento
994 2964 1112 3010 mihi
1151 2964 1349 3010 fuerunt
1389 2963 1576 3009 scholia
1619 2963 1786 3008 Dona-
