2221 3526
704 1118 1225 1165 PRAEFATIO.

325 1725 378 1770 In
432 1724 707 1786 Eugraphii
760 1724 953 1772 Comm.
1007 1724 1054 1770 in
1109 1723 1266 1770 Andr.
1310 1722 1432 1785 prol.
1484 1739 1498 1768 1
1545 1724 1741 1787 (KLOTz

182 1825 229 1870 p.
280 1808 394 1870 173)
434 1808 556 1854 haec
595 1807 832 1868 legimus:
882 1808 1065 1862 „Poeta
1098 1824 1249 1869 quom
1278 1807 1491 1868 primum
1520 1807 1740 1853 animum

190 1891 281 1945 „ad
313 1891 629 1937 scribendum
659 1890 879 1952 adpulit:
921 1890 1102 1936 Omnis
1130 1889 1368 1951 prologus
1395 1888 1574 1951 triplici
1603 1889 1742 1936 indu-

190 1974 343 2027 „citur
382 1991 570 2028 caussa,
613 1974 691 2021 vel
728 1985 779 2020 ut
818 1984 1171 2035 argumentum
1204 1972 1399 2019 fabulae
1427 1973 1583 2034 possit
1608 1973 1742 2019 exhi-

191 2058 352 2112 ‚,bere‚
381 2057 460 2104 vel
490 2068 689 2120 poetam
720 2057 906 2119 populo
934 2058 1301 2111 commendare,
1332 2056 1411 2103 vel
1435 2067 1486 2103 ut
1508 2074 1536 2103 a
1556 2056 1743 2118 populo

191 2141 520 2196 „audientiam
545 2141 775 2203 postulet.
800 2142 900 2187 Sed
920 2141 995 2187 his
1016 2140 1248 2186 omnibus
1269 2139 1454 2186 caussis
1477 2140 1744 2186 Terentius

192 2242 320 2279 „non
372 2225 439 2271 ita
478 2243 595 2271 usus
632 2235 722 2272 est.
791 2224 981 2271 Habuit
1032 2224 1163 2270 enim
1205 2223 1562 2278 adversarium,
1610 2234 1743 2270 vete-

192 2325 323 2363 „rem
376 2318 591 2370 poetam,
646 2308 879 2354 Luscium
921 2307 1186 2354 Lavinium
1229 2306 1345 2371 (leg.
1388 2306 1742 2371 Lanuvinum),

193 2391 359 2445 „cuius
385 2392 672 2438 comoediae
700 2409 810 2437 curn
834 2408 934 2437 non
958 2390 1228 2452 placerent,
1252 2407 1450 2452 semper
1472 2389 1745 2437 maledictis

193 2465 462 2529 „adversus
489 2475 772 2521 comoedias
800 2474 1025 2521 Terentii
1054 2473 1328 2535 pugnabat.
1378 2473 1587 2534 Propter
1613 2473 1745 2519 hunc

193 2557 371 2619 „igitur
423 2557 691 2604 Terentius
742 2557 1009 2619 prologum
1062 2574 1260 2618 semper
1299 2556 1507 2611 induxit,
1550 2566 1603 2604 ut
1640 2557 1745 2603 eius

194 2640 496 2695 „maledictis
535 2639 885 2702 respondeat.'’

329 2723 536 2770 Luscius
574 2723 654 2770 ille
693 2723 838 2770 aliam
879 2724 927 2770 in
968 2722 1344 2785 componendis,
1385 2722 1464 2770 vel
1504 2723 1669 2784 potius
1694 2722 1743 2769 in

187 2806 540 2854 convertendis
589 2805 768 2853 fabulis
818 2806 952 2853 viam
1007 2806 1114 2853 iniit
1164 2816 1314 2869 atque
1354 2805 1438 2868 qui
1478 2816 1593 2852 ante
1631 2822 1744 2852 eum

187 2889 379 2936 fabulas
429 2890 766 2951 scripserunt‚‘
805 2889 1044 2944 NaeviuS‚
1093 2888 1307 2943 Plautus,
1350 2888 1556 2935 Ennius.
1618 2888 1743 2934 Cum

187 2973 319 3019 enirn
366 2971 432 3018 illi
471 2970 775 3033 exemplaria
815 2971 1010 3018 Graeca
1048 2989 1199 3033 saepe
1238 2971 1439 3017 liberius
1477 2981 1746 3017 tractarent
