2221 3526
1180 277 1244 322 68

441 429 490 467 et
530 418 686 467 verbo
725 418 990 466 inducendi
1028 434 1141 464 eum
1181 433 1379 463 sensum
1420 432 1544 470 esse,
1587 426 1639 463 ut
1678 415 1765 463 sit:
1807 416 1868 463 de
1907 431 1994 462 suo

440 504 641 550 addere.

584 586 841 631 Postremo
880 584 1108 646 perhibet
1148 582 1308 629 minus
1350 592 1480 628 recte
1519 581 1854 643 excogitatum
1886 598 1995 628 esse

443 668 718 715 Chaeream
769 667 817 714 in
869 665 1177 728 Antiphonis
1227 667 1377 712 domo
1428 675 1593 711 vestes
1638 676 1844 719 mutare,
1885 682 1994 711 curn

441 751 667 797 facillime
706 750 839 796 domi
887 766 1004 796 suae
1032 748 1125 794 hoc
1151 748 1311 794 facere
1339 747 1595 809 potuisset.
1657 747 1769 794 Hoc
1796 764 1994 810 quoque

442 834 604 880 minus
631 843 761 879 recte
789 832 974 878 dictum
1003 831 1120 877 mihi
1148 830 1360 878 videtur.
1399 830 1441 876 E
1464 846 1672 876 scaenae
1695 830 1777 876 IV.
1803 846 1833 890 4
1856 830 1994 877 initio

442 917 579 980 (671,
634 919 749 975 673,
805 915 1036 961 Donatus
1074 914 1137 960 ad
1178 913 1224 960 h.
1254 912 1306 975 l.)
1346 929 1437 974 pro
1476 923 1611 959 certo
1650 912 1845 959 efficere
1884 912 1996 959 licet

441 999 589 1046 etiam
617 998 664 1044 in
695 996 960 1044 Menandri
983 996 1228 1043 Eunucho
1253 995 1529 1042 Chaeream
1552 995 1687 1041 domi
1709 1012 1808 1041 non
1830 995 1994 1048 fuisse,

443 1092 495 1128 ut
533 1091 698 1127 vestes
737 1089 978 1135 mutaret;
1019 1096 1128 1126 cum
1163 1088 1327 1125 autem
1355 1078 1461 1124 sine
1489 1077 1642 1124 dubio
1671 1094 1819 1140 quam
1848 1077 1995 1123 celer-

444 1164 563 1210 rime
620 1163 831 1209 eunuchi
888 1162 1119 1208 amictum
1172 1162 1424 1223 deponere
1476 1160 1703 1215 voluerit,
1756 1160 1997 1207 tutissima

444 1246 561 1293 mihi
600 1246 795 1293 videtur
834 1245 1132 1299 coniectura,
1168 1261 1280 1290 eum
1309 1244 1357 1290 in
1387 1244 1580 1290 Graeca
1607 1260 1806 1306 quoque
1832 1242 1998 1291 fabula

443 1331 505 1376 ad
543 1329 755 1376 amicum
795 1328 958 1376 ivisse.
992 1332 1027 1390 1)

584 1412 685 1459 Sed
737 1412 1030 1465 NENCINtus,
1085 1421 1349 1474 postquam
1402 1410 1650 1472 perhibuit
1689 1410 1997 1472 Antiphonis

441 1497 712 1543 adventum
768 1495 1008 1542 Terentio
1060 1495 1378 1541 tribuendum
1423 1510 1548 1549 esse,
1588 1494 1703 1556 quia
1742 1493 1996 1541 Chaereae

443 1579 490 1625 in
544 1579 716 1625 Piraeo
767 1578 958 1625 mansio
1009 1578 1158 1625 etiam
1211 1594 1239 1624 a
1291 1577 1531 1624 Terentio
1576 1577 1744 1625 addita
1782 1587 1927 1631 esset,
1954 1578 1996 1640 2)

443 1673 491 1709 et
547 1661 899 1709 animadvertit
961 1660 1339 1723 „pervulgatum
1404 1661 1833 1723 inveteratumque
1887 1677 1996 1706 esse

447 1745 767 1799 „Terentium
808 1762 1055 1791 summum
1096 1755 1294 1806 poetam
1330 1744 1515 1790 habere
1542 1745 1757 1790 eundem
1785 1760 1907 1790 vero
1934 1744 1996 1790 ad

446 1829 652 1890 „viginti
691 1840 775 1876 aut
814 1828 1017 1890 triginta
1051 1845 1224 1875 versus
1252 1829 1313 1875 de
1341 1845 1430 1874 suo
1457 1828 1746 1874 scribendos
1772 1828 1995 1889 ineptum

446 1911 701 1974 ‚,putare’',
756 1922 907 1972 negat
958 1929 1005 1973 p.
1037 1928 1098 1972 93
1153 1929 1308 1973 „opus
1346 1911 1495 1958 fuisse
1535 1911 1790 1958 Chaereae
1830 1922 1996 1957 vestes

445 2012 654 2050 „exuere
699 2006 748 2042 et
798 1996 860 2042 ad
900 1995 1094 2042 fabulae
1133 1995 1494 2051 oeconomiam,
1536 1995 1564 2042 i.
1595 2011 1636 2042 e.
1680 2005 1731 2041 ut
1771 1993 1996 2040 Chaerea

444 2080 535 2134 „de
585 2095 763 2125 scaena
806 2089 1138 2132 amoveretur,
1181 2078 1299 2125 satis
1338 2089 1458 2132 erat,
1500 2078 1539 2124 si
1579 2077 1764 2125 diceret
1803 2077 1990 2125 adules-

444 2179 589 2217 „cens
627 2161 755 2208 velle
795 2178 846 2208 se
887 2162 934 2208 in
970 2162 1180 2224 proximi
1221 2161 1362 2208 amici
1403 2162 1606 2208 domum
1646 2171 1852 2208 exutum
1882 2178 1992 2208 con-

442 2244 699 2300 ‚,cedere''.
760 2244 894 2292 Nihil
935 2262 1113 2292 causae
1151 2262 1259 2292 esse
1300 2256 1470 2292 censet
1509 2263 1557 2292 v.
1587 2245 1652 2299 d.,
1695 2261 1779 2291 cur
1808 2244 1996 2291 Donati

436 2327 676 2375 scholium
717 2328 960 2376 reiciatur.

578 2411 660 2458 Sic
711 2411 860 2471 igitur
911 2428 989 2458 res
1033 2427 1085 2457 se
1125 2410 1306 2458 habet:
1347 2410 1386 2457 si
1426 2410 1722 2473 prudentius
1760 2427 1868 2457 esse
1908 2427 1994 2472 pu-

436 2503 598 2540 tamus
636 2493 831 2540 fabulae
871 2504 1070 2541 nostrae
1109 2504 1317 2555 partem,
1359 2510 1486 2555 quae
1513 2493 1736 2540 alterutri
1764 2493 1995 2555 exemplo

438 2576 586 2623 tribui
626 2577 795 2638 possit,
838 2576 951 2623 huic
989 2576 1220 2638 exemplo
1249 2593 1423 2623 revera
1450 2577 1696 2631 addicere,
1726 2594 1874 2640 quam
1903 2577 1994 2638 ipsi

439 2659 695 2712 'serenti0,
736 2670 883 2722 atque
923 2660 1072 2719 igitur
1110 2677 1217 2706 cum
1247 2660 1388 2706 Ihnio
1415 2671 1464 2706 et
1493 2660 1754 2714 Teuffelio,
1784 2677 1993 2722 quorum

438 2753 732 2804 argumenta
785 2743 1025 2789 Braunius
1073 2742 1254 2805 aliique
1306 2760 1405 2790 non
1454 2761 1656 2805 prorsus
1696 2743 1992 2797 refellerunt,

588 2938 622 2988 1)
679 2937 741 2975 Cf.
771 2937 896 2975 etiam
926 2937 973 2975 V.
1005 2948 1040 2975 2.
1082 2948 1095 2975 1
1129 2943 1170 2975 et
1199 2937 1387 2976 Donatus
1417 2939 1481 2990 ad.
1512 2939 1548 2975 h.
1567 2938 1589 2975 l.

584 3016 622 3065 2)
678 3016 768 3052 Hac
799 3016 849 3052 de
881 3028 925 3052 re
955 3016 1161 3064 disputavi
1190 3028 1229 3063 p,
1263 3017 1309 3062 38
1340 3028 1400 3064 sq.
