2221 3526
888 266 947 312 77

139 397 204 445 ita
243 397 527 459 scripsisse?
559 398 595 460 ¹)

283 480 399 526 Post
454 496 527 533 ea,
588 495 715 541 quae
773 495 920 540 supra
978 477 1232 539 descripsi,
1295 478 1489 530 Dorias,
1548 494 1693 540 quam

141 563 349 609 Thaidis
399 561 775 624 Chremetisque
821 562 1069 607 adventus
1108 561 1170 606 de
1209 577 1389 607 scaena
1427 561 1694 606 demovere

138 645 324 699 debuit,
367 645 636 691 meretricis
675 645 876 690 domum
919 643 1139 691 intravit.
1201 643 1331 690 Nam
1371 659 1432 688 ex
1468 643 1538 696 iis,
1569 660 1695 705 quae

139 728 187 775 in
240 738 407 775 nostra
457 726 621 774 fabula
659 738 944 789 sequuntur,
985 726 1177 773 scaenis
1216 736 1441 788 apertum
1480 736 1570 780 est,
1619 726 1696 772 hic

139 811 187 858 in
228 811 422 858 Graeca
462 811 709 858 Thaidem
749 827 857 857 cum
895 810 1161 856 Chremete
1191 809 1407 856 rediisse.
1457 808 1696 855 Meretrix

138 894 441 942 adulescenti
500 894 719 941 narravit
770 910 822 940 se
872 894 915 940 ei
969 910 1188 940 sororem
1243 892 1499 939 restituere
1551 908 1697 953 posse

139 978 460 1042 (747—750)
508 988 557 1024 et
608 977 775 1039 procul
828 976 978 1023 dubio
1029 993 1139 1023 eum
1188 976 1447 1022 certiorem
1486 976 1599 1022 fecit
1636 976 1698 1021 de

140 1061 322 1108 sororis
360 1061 578 1114 casibus:
621 1077 770 1123 porro
810 1060 1054 1122 Pythiam,
1096 1076 1221 1122 quae
1262 1059 1409 1120 igitur
1443 1059 1490 1105 in
1519 1075 1699 1106 scaena

142 1144 447 1198 remanserit,
507 1145 650 1206 signa
706 1144 926 1206 proferre
985 1143 1122 1190 iussit
1179 1142 1515 1208 (753—754)‚
1574 1158 1699 1205 quae

140 1227 348 1274 fortasse
397 1226 701 1274 adulescenti
747 1226 1070 1281 monstravit:
1112 1227 1176 1273 ad
1214 1226 1426 1273 eandem
1467 1242 1697 1272 scaenam

142 1310 386 1357 referendi
439 1310 671 1357 videntur
720 1327 819 1357 vss.
874 1312 990 1369 807,
1040 1311 1156 1363 808,
1198 1309 1279 1355 ubi
1320 1308 1547 1355 Chaerea
1584 1308 1702 1354 dicit

141 1409 193 1440 se
245 1393 563 1455 Sophronam
617 1393 855 1439 nutricem
907 1392 1231 1440 adducturum
1283 1408 1408 1447 esse,
1463 1402 1513 1438 ut
1558 1391 1701 1452 signa

142 1487 484 1538 recognoscat.

284 1559 409 1606 Cum
460 1560 642 1606 deinde
683 1559 730 1605 in
783 1575 841 1605 ea
892 1575 1017 1621 quae
1063 1558 1283 1621 sequitur
1322 1574 1503 1605 scaena
1544 1558 1701 1604 Thais

143 1642 402 1705 Pamphila
440 1644 547 1690 visa
581 1660 690 1690 cum
720 1642 898 1705 Pythia
926 1643 1150 1704 prodeat,
1180 1641 1447 1689 verisimile
1474 1652 1550 1688 est
1576 1658 1701 1695 eam,

143 1737 405 1789 postquam
458 1726 698 1773 Chremes
749 1726 928 1773 dixerit
979 1742 1032 1772 se
1085 1725 1323 1772 nutricem
1380 1725 1702 1772 adducturum

143 1826 266 1865 esse,
308 1826 423 1856 mox
462 1810 665 1856 domum
700 1809 925 1863 intrasse,
956 1808 1277 1856 Chremetem
1306 1825 1427 1855 vero
1456 1807 1705 1870 paulisper

144 1893 191 1939 in
231 1909 410 1940 scaena
451 1892 744 1940 remansisse
783 1903 833 1939 et
872 1892 1039 1954 paucis
1067 1892 1233 1938 verbis
1260 1891 1478 1938 locutum
1504 1907 1613 1938 esse
1640 1892 1702 1937 de

144 1993 314 2023 sorore
354 1987 568 2038 recepta.

285 2060 337 2106 Si
376 2076 476 2106 vox
513 2060 671 2127 ρ’ίσκσς,
711 2076 740 2106 a
779 2058 979 2106 Polluce
1022 2059 1085 2106 X.
1136 2073 1227 2119 137
1271 2057 1486 2112 laudata,
1518 2068 1651 2104 recte
1678 2074 1706 2104 a

146 2143 410 2190 MEINEKIO
431 2143 585 2207 (Add.
609 2153 658 2189 et
680 2159 804 2190 corr.
829 2160 876 2204 p.
910 2143 1024 2205 102)
1047 2142 1254 2189 refertur
1274 2142 1337 2188 ad
1360 2159 1406 2188 v.
1430 2155 1545 2202 754,
1565 2157 1706 2202 argu-

145 2236 314 2273 mento
335 2237 410 2274 est
437 2243 534 2273 vss‚
570 2239 845 2286 753-—754
874 2242 901 2272 e
931 2225 1197 2272 Menandri
1222 2224 1467 2271 Eunucho
1491 2224 1704 2271 fluxisse.

292 2407 327 2458 1)
381 2407 568 2445 Donatus
598 2407 650 2445 ad
680 2406 745 2444 IV.
777 2416 812 2444 2.
844 2413 894 2453 27
925 2405 1028 2443 haec
1059 2405 1206 2442 habet:
1239 2403 1456 2453 „Agedum
1485 2404 1566 2441 hoc
1591 2402 1707 2440 mihi:

145 2474 248 2511 haec
277 2473 460 2510 Plautina
491 2478 595 2519 sunt,
628 2483 720 2509 cum
750 2471 789 2509 in
821 2471 967 2508 iisdem
997 2471 1119 2520 longa
1151 2470 1203 2507 sit
1233 2469 1479 2517 disputatio;
1514 2469 1588 2506 sed
1609 2468 1709 2505 mire

146 2552 168 2576 a
198 2538 396 2577 Terentio
418 2538 682 2586 proferuntur
703 2537 754 2575 ad
776 2537 863 2575 eius
885 2536 1125 2584 exemplum
1148 2541 1200 2582 et,
1224 2535 1335 2583 quod
1357 2539 1421 2572 est
1443 2534 1546 2582 plus,
1569 2539 1710 2571 carent

145 2604 340 2641 Plautinis
370 2602 527 2653 nugis.‘’
558 2603 650 2640 Non
672 2603 803 2643 solum
824 2601 1000 2650 Kampio
1021 2601 1077 2651 (p.
1106 2610 1147 2648 13
1171 2602 1253 2649 sq.)
1274 2612 1445 2648 prorsus
1467 2612 1547 2636 non
1569 2611 1709 2636 assen-

146 2669 329 2707 tiendum
368 2675 432 2706 cst
467 2669 530 2706 hic
561 2668 733 2717 cogitari
766 2679 890 2715 posse
921 2668 973 2704 de
1004 2666 1168 2704 Colacis
1198 2665 1407 2702 Plautinae
1438 2676 1603 2710 scaena,
1635 2664 1708 2700 sed

146 2747 198 2772 ne
227 2734 402 2772 Braunio
433 2733 611 2781 quidem,
643 2733 874 2781 perhibenti
907 2744 946 2780 p.
980 2731 1030 2778 36
1057 2731 1122 2769 hic
1153 2742 1386 2768 sermonem
1417 2742 1512 2767 esse
1536 2730 1587 2766 de
1611 2729 1710 2766 alius

147 2799 310 2837 fabulae
352 2799 563 2836 Plautinae
607 2797 723 2835 simili
764 2809 926 2834 scaena.
972 2797 1101 2834 Recte
1147 2794 1369 2832 Nencinius
1412 2794 1507 2831 mihi
1550 2794 1712 2831 videtur

149 2865 419 2902 adumbrasse
463 2875 501 2911 p.
539 2872 606 2900 101
653 2862 918 2899 scholiastam
961 2873 1043 2898 non
1087 2861 1258 2898 alicuius
1302 2859 1463 2896 fabulae
1502 2858 1710 2895 Plautinae

149 2941 343 2966 scaenam
364 2929 417 2965 ob
435 2928 578 2964 oculos
600 2927 806 2973 habuisse,
829 2927 902 2963 sed
925 2927 1002 2962 hoc
1026 2926 1167 2962 dicere
1187 2925 1382 2970 voluisse,
1403 2924 1509 2960 hanc
1533 2935 1711 2960 scaenae

151 2999 311 3042 partem
340 2993 470 3042 magis
501 2992 687 3029 Plautino
717 3004 830 3028 more
861 3003 955 3028 esse
985 2990 1226 3027 institutam.
