2221 3526
1157 268 1218 314 54

552 396 691 443 Haec
729 395 876 442 etiam
917 406 993 442 est
1031 394 1200 456 opinio
1241 395 1430 440 FABIAE
1469 395 1536 457 (p.
1566 394 1653 458 42)
1686 394 1722 457 1)
1749 404 1798 441 et
1827 394 1961 440 NEN-

408 494 526 526 CINH
577 479 643 542 (p.
687 477 788 542 98),
829 477 911 541 qui
951 488 1211 539 praeterea
1250 488 1420 525 censet
1459 477 1587 524 hanc
1625 494 1857 523 scaenam
1898 476 1965 524 ita

408 579 437 609 a
475 572 623 624 poeta
663 571 832 608 nostro
872 571 1110 608 mutatam
1150 578 1273 615 esse,
1316 571 1368 607 ut
1403 577 1501 606 non
1530 559 1688 622 possit
1715 559 1962 614 constitui,

409 643 568 707 qualis
616 644 762 691 fuerit
811 644 945 706 apud
997 644 1348 690 Menandrum.
1403 643 1550 690 Certe
1602 642 1651 689 in
1698 642 1963 690 Menandri

410 727 654 775 Eunucho
687 744 867 774 scaena
895 744 995 773 non
1024 725 1194 782 defuit,
1225 727 1272 773 in
1301 743 1398 788 qua
1426 726 1683 788 Pamphila
1711 725 1964 773 Chremeti

408 810 543 858 fratri
583 810 777 857 reddita
814 809 890 865 sit,
932 826 1160 872 quaeque
1199 827 1258 856 ea
1283 826 1464 856 scaena
1489 808 1803 864 continuerit,
1833 808 1965 855 coni-

410 911 520 941 cere
559 893 685 941 licet.
728 892 824 957 Qui
864 909 1039 939 versus
1078 892 1126 939 in
1168 903 1337 940 nostra
1374 909 1554 940 scaena
1591 893 1655 939 ad
1695 892 1823 939 hanc
1862 909 1964 938 rem

411 987 639 1038 spectant
688 976 969 1040 (743—-54‚
1026 979 1140 1035 766,
1195 975 1278 1040 67)
1331 993 1430 1022 non
1469 992 1531 1022 ex
1570 993 1629 1022 ea
1666 992 1847 1022 scaena
1884 976 1965 1022 de-

409 1070 651 1121 sumptos‚
704 1060 792 1106 sed
846 1076 875 1106 a
927 1058 1166 1106 Terenti0
1218 1058 1520 1120 compositos
1570 1069 1706 1120 puto,
1753 1058 1966 1120 primum

413 1144 548 1206 quod
576 1141 731 1189 multa
757 1142 940 1197 insunt,
970 1159 1096 1204 quae
1124 1142 1187 1189 ad
1214 1141 1434 1197 militem,
1464 1159 1727 1203 personam
1757 1140 1966 1196 Colacis‚

414 1225 692 1288 pertinent;
736 1236 839 1272 tum
880 1226 1013 1288 quod
1053 1242 1127 1280 ea,
1168 1242 1295 1288 quae
1334 1225 1397 1272 de
1437 1224 1697 1286 Pamphila
1723 1223 1968 1283 dicuntur,

412 1308 556 1356 nimis
606 1308 826 1356 breviter
875 1319 925 1355 et
975 1308 1115 1371 quasi
1161 1308 1209 1354 in
1251 1307 1459 1355 transitu
1499 1318 1966 1354 commemorantur.

410 1392 530 1440 Sine
568 1392 721 1439 dubio
757 1392 804 1439 in
834 1391 1101 1439 Menandri
1130 1391 1376 1438 Eunucho
1404 1391 1526 1438 haec
1553 1390 1776 1453 pluribus
1803 1390 1970 1438 verbis

409 1486 459 1523 et
498 1474 658 1537 magis
697 1485 982 1537 opportuno
1022 1486 1246 1537 tempore
1272 1484 1384 1521 acta
1409 1484 1539 1521 sunt.
1570 1474 1811 1520 Chremes
1836 1473 1968 1520 enim

409 1558 588 1607 certior
644 1558 899 1606 faciendus
954 1569 1061 1605 erat
1117 1559 1180 1605 de
1232 1557 1406 1620 rapina
1456 1556 1732 1621 ceterisque
1787 1557 1970 1604 sororis

408 1641 605 1689 casibus
642 1653 692 1689 et
729 1642 875 1704 signa
913 1652 1056 1689 erant
1095 1642 1421 1688 monstranda
1459 1641 1537 1705 (cf.
1584 1656 1683 1701 520
1716 1641 1846 1704 sqq.)
1886 1640 1969 1687 Ad

409 1725 537 1772 hanc
577 1743 809 1773 scaenam
837 1725 986 1772 etiam
1016 1724 1267 1787 pertinere
1294 1724 1544 1780 videntur,
1574 1742 1701 1787 quae
1729 1724 1970 1771 Chremes

408 1808 525 1856 dicit
564 1810 626 1856 de
665 1808 936 1871 Sophrona
975 1808 1164 1855 nutrice
1205 1809 1499 1855 adducenda
1539 1809 1624 1855 IV.
1671 1821 1712 1867 7.
1757 1821 1837 1868 37,

552 1892 718 1939 Multo
747 1892 897 1955 igitur
924 1891 1028 1939 veri
1056 1891 1262 1938 similius
1289 1891 1407 1938 mihi
1436 1891 1636 1939 videtur
1659 1890 1968 1945 Terentium,

413 1975 494 2039 qui
535 1976 620 2022 IV.
666 1991 689 2036 5
732 1986 782 2022 et
825 1989 848 2035 7
891 1994 918 2022 e
958 1975 1139 2022 Colace
1181 1985 1432 2022 mutuatus
1469 1986 1559 2030 est,
1600 1974 1747 2022 etiam
1790 1974 1834 2020 in
1884 1975 1969 2021 IV.

417 2063 445 2106 6
485 2060 835 2122 componenda
874 2059 1106 2106 Colacem
1147 2058 1447 2114 adhibuisse,
1488 2059 1551 2105 ad
1580 2076 1727 2121 quam
1755 2057 1970 2105 fabulam

410 2160 484 2198 ea,
539 2160 666 2206 quae
720 2160 830 2189 cum
885 2142 1051 2189 militis
1101 2143 1322 2189 adventu
1374 2142 1645 2189 cohaerent
1689 2142 1970 2206 (739—42,

560 2273 595 2320 1)
652 2271 778 2308 Fabia
817 2283 854 2318 p.
894 2282 945 2318 42
985 2272 1088 2308 haec
1124 2271 1268 2308 habet:
1301 2270 1463 2317 „Toute
1494 2270 1531 2307 la
1561 2269 1733 2307 sixieme
1765 2269 1889 2307 sc'ene
1920 2270 1973 2307 de

410 2337 531 2374 l'acte
570 2336 623 2373 IV
663 2336 854 2384 provient
893 2337 944 2373 de
983 2336 1226 2383 l’Eunuque,
1266 2335 1360 2372 saus
1394 2336 1430 2372 le
1469 2347 1648 2385 passage
1690 2348 1727 2372 01
1773 2335 1973 2373 Chremes

411 2402 569 2452 signale
609 2400 847 2450 l’approche
883 2402 938 2438 du
973 2401 1108 2438 soldat
1138 2406 1179 2438 et
1209 2401 1260 2438 de
1292 2413 1367 2438 son
1398 2400 1537 2438 arme'e
1569 2401 1591 2437 3
1621 2401 1749 2438 Tha1s
1780 2400 1848 2448 qui
1879 2400 1973 2438 s‘ef-

410 2469 524 2506 force
555 2467 606 2504 de
637 2467 673 2504 le
705 2479 891 2504 rassurer
919 2466 973 2517 (v.
1006 2466 1270 2514 754—762)‘'.

555 2532 616 2570 Cf.
655 2538 793 2569 tamen
833 2532 942 2569 idem
980 2544 1019 2579 p.
1058 2534 1130 2578 43:
1172 2544 1249 2579 „au
1284 2531 1363 2568 lieu
1394 2532 1446 2568 de
1478 2531 1730 2579 considerer,
1762 2531 1861 2569 ainsi
1892 2544 1972 2579 que

412 2610 516 2635 nous
555 2597 591 2635 le
630 2596 797 2635 saisions
836 2602 927 2634 tout
965 2597 987 2633 ’3
1026 2597 1181 2634 l'heure
1221 2597 1279 2634 les
1319 2608 1414 2634 vers
1455 2597 1664 2644 754—762
1705 2608 1864 2634 comme
1894 2609 1973 2634 une

412 2662 594 2700 addition
634 2661 842 2711 originale,
874 2674 925 2698 ne
954 2662 1215 2709 pourrait-on
1246 2673 1453 2709 supposes
1483 2660 1578 2709 qu⁷il
1608 2675 1633 2711 y
1665 2662 1773 2699 avait
1804 2662 1906 2699 dans
1937 2661 1973 2698 le

414 2727 546 2765 Colax
585 2739 664 2764 une
693 2725 819 2763 scene
849 2727 902 2763 ou
934 2726 1061 2764 Tha'ss
1092 2726 1292 2763 attendait
1322 2726 1372 2763 de
1405 2725 1501 2773 pied
1532 2726 1660 2763 ferme
1692 2725 1888 2773 l'attaque
1919 2726 1974 2762 du

414 2792 549 2829 soldat
572 2797 614 2829 et
635 2791 930 2840 encourageait
956 2792 978 2828 3
999 2792 1036 2829 13
1057 2792 1285 2828 resistance
1306 2791 1342 2828 le
1368 2791 1465 2829 rival
1489 2791 1540 2828 de
1564 2792 1754 2829 celui-ci?
1784 2792 1974 2829 Te'rence

414 2857 545 2894 aurait
575 2857 683 2894 alors
712 2856 840 2893 fondu
872 2862 980 2894 cette
1012 2868 1137 2893 scene
1169 2867 1271 2893 avec
1302 2856 1339 2893 13
1370 2868 1495 2894 scene
1525 2857 1576 2894 de
1607 2857 1836 2904 lEunuque
1865 2857 1916 2893 ou
1938 2856 1975 2893 la

416 2922 648 2959 courtisane
679 2921 850 2960 re‘ve'lait
879 2934 955 2959 son
985 2927 1121 2959 secret
1152 2934 1202 2958 au
1232 2921 1340 2958 frere
1372 2922 1424 2959 de
1445 2922 1654 2970 Pamphila
1675 2927 1717 2959 et
1738 2934 1790 2959 ou
1814 2921 1935 2959 celui·
1940 2921 1976 2959 ci

414 2988 565 3036 partait
593 2999 698 3035 pour
727 2987 826 3025 aller
856 2988 1056 3025 chercher
1085 2988 1122 3025 la
1150 2986 1367 3024 nourrice’'
