2221 3526
901 1091 1184 1138 CAPUT
1237 1093 1332 1138 IV.

748 1385 832 1421 DE
871 1385 1150 1424 SCAENIS
1190 1386 1255 1423 III
1301 1397 1314 1424 1
1357 1393 1407 1424 et
1447 1398 1481 1425 2.

474 1665 741 1727 Postquam
786 1665 1032 1712 Parmeno
1075 1666 1351 1712 Chaeream
1391 1668 1606 1714 eunuchi
1646 1680 1785 1715 veste
1825 1670 1894 1716 in-

332 1747 504 1793 dutum
544 1748 608 1794 ad
650 1748 899 1794 Thaidem
936 1749 1118 1795 ducere
1154 1750 1421 1805 constituit,
1463 1751 1663 1798 domum
1693 1752 1893 1808 intrant,

332 1839 385 1876 ut
434 1841 625 1877 vestem
684 1842 891 1878 mutent.
933 1831 1071 1878 Ante
1110 1833 1382 1880 adventum
1424 1833 1717 1889 Chremetis,
1755 1835 1893 1882 Pam-

333 1912 496 1974 philae
524 1913 688 1960 fratris
717 1915 819 1976 (ΙΙΙ.
853 1915 917 1978 3),
949 1915 1175 1962 Chaerea
1201 1917 1264 1962 ad
1299 1917 1606 1963 meretricem
1639 1918 1893 1965 ducendus

329 2013 486 2059 eaque
527 1997 634 2058 ipsa
675 1998 984 2045 removenda
1023 2009 1112 2054 est,
1155 2009 1206 2046 ut
1233 1998 1312 2046 ilie
1340 1999 1473 2046 solus
1500 2013 1754 2049 remaneat
1780 2019 1890 2048 eum

329 2079 539 2141 virgine.
588 2080 671 2126 Ad
713 2080 959 2127 Thaidem
995 2083 1352 2129 removendam
1383 2083 1649 2130 Terentius
1676 2102 1790 2131 usus
1816 2096 1892 2132 est

331 2162 556 2224 personis
597 2162 763 2210 militis
802 2175 851 2210 et
890 2164 1107 2226 parasiti,
1149 2165 1232 2228 qui
1273 2166 1579 2213 meretricem
1619 2167 1712 2215 sibi
1738 2168 1889 2215 abdu-

331 2256 448 2292 cunt
474 2246 522 2292 in
558 2247 872 2302 convivium3
921 2264 1080 2310 neque
1120 2259 1283 2296 autem
1324 2249 1417 2295 hoc
1455 2249 1574 2296 satis
1606 2262 1889 2313 Opportune

330 2328 501 2375 fecisse
550 2328 840 2376 iudicandus
878 2341 968 2378 est.
1001 2331 1037 2395 1)
1090 2331 1295 2378 Gnatho
1333 2332 1465 2378 enim
1505 2333 1600 2379 iam
1639 2345 1788 2381 antea
1826 2336 1888 2381 ad

329 2428 503 2459 cenam
531 2429 639 2459 eam
669 2424 940 2460 vocaverat
967 2418 1030 2471 (v.
1066 2415 1184 2478 266)
1212 2431 1373 2477 neque
1401 2432 1525 2477 opus
1551 2428 1657 2464 erat
1683 2417 1887 2465 militem

477 2578 511 2628 1)
568 2577 628 2615 Cf.
659 2578 856 2615 Braunius
886 2591 924 2626 p.
959 2589 1031 2625 34:
1063 2578 1207 2626 „Quae
1238 2579 1460 2617 Terentius
1490 2581 1567 2618 hoc
1599 2581 1692 2619 loco
1727 2582 1887 2620 fabulae

329 2643 512 2690 inseruit,
557 2643 607 2679 ad
653 2642 787 2690 ipsum
830 2643 992 2681 fabulae
1036 2656 1190 2681 nexum
1234 2645 1320 2682 fere
1363 2646 1471 2683 nullo
1510 2647 1634 2683 modo
1665 2647 1886 2694 pertinent.

328 2707 474 2755 Neque
505 2707 602 2745 satis
639 2713 734 2755 apte
766 2714 835 2745 aut
864 2709 996 2755 perite
1027 2721 1120 2746 eum
1151 2709 1301 2747 fecisse
1333 2710 1632 2748 iudicandum.'’

469 2772 596 2810 Fabia
625 2784 663 2820 p.
697 2782 769 2819 39:
803 2773 889 2820 „La
919 2774 1044 2811 scene
1076 2775 1280 2822 premiere
1313 2775 1363 2812 de
1384 2776 1505 2813 l'acte
1525 2777 1574 2813 111
1596 2776 1704 2813 n'est
1728 2789 1778 2813 en
1800 2777 1885 2814 rien

328 2839 425 2875 utile
469 2839 491 2875 a
521 2836 707 2884 l’action3
748 2849 828 2885 que
866 2838 1061 2876 viennent
1090 2839 1190 2876 faire
1223 2840 1321 2877 chez
1352 2840 1477 2878 Thais
1507 2841 1544 2878 le
1575 2841 1709 2879 soldat
1739 2847 1779 2878 et
1809 2853 1885 2878 son

329 2903 539 2950 parasite?
568 2902 618 2939 Ils
648 2902 845 2939 viennent
875 2903 911 2939 la
941 2904 1121 2950 prendre
1152 2916 1258 2952 pour
1287 2905 1323 2942 le
1353 2905 1488 2942 festin.
1518 2906 1622 2943 Mais
1650 2907 1726 2943 ’,116
1748 2919 1770 2944 a
1791 2907 1884 2954 deja

329 2979 427 3016 regu
455 2967 695 3005 l'invitation
726 2973 767 3004 et
796 2968 856 3019 s'y
885 2969 1068 3006 rendrait
1096 2970 1191 3007 bien
1221 2975 1336 3008 toute
1367 2971 1519 3008 seule..”
