2221 3526
995 249 1057 293 39

247 374 294 421 in
336 385 564 435 promptu
593 385 668 420 est
694 392 753 419 ex
784 374 857 419 his
884 374 1112 419 omnihus
1140 374 1333 420 efficere
1361 392 1529 421 eorum
1565 393 1798 429 amorem.

246 474 352 503 cum
393 457 539 502 etiam
580 457 711 517 apud
754 456 1042 502 Terentium
1086 456 1328 503 Phaedria
1369 458 1461 503 iam
1498 458 1578 504 diu
1609 460 1802 506 noverit

247 539 510 593 Thaidem,
554 556 651 584 non
692 556 753 584 ex
793 538 1043 585 vicinitate
1084 549 1243 585 ortum
1285 556 1408 586 esse.

390 622 585 668 Deinde
639 638 735 667 non
790 638 960 667 verum
1012 631 1101 675 est,
1156 623 1288 684 quod
1336 622 1607 669 Nencinius
1647 641 1692 684 p.
1737 641 1798 683 92

244 721 303 751 ex
358 705 428 759 iis,
483 721 608 766 quae
659 705 727 750 sic
780 704 938 750 minus
991 715 1120 751 recte
1175 704 1442 760 constituit,
1496 705 1658 760 efficit,
1699 707 1799 754 scil.

245 786 532 849 Pamphilae
584 787 931 834 deductionem
985 787 1240 834 Chaereae
1291 788 1605 836 advenientis
1642 789 1803 849 gratia

242 871 419 918 factam
472 881 619 933 atque
672 870 852 916 idcirco
903 887 931 916 a
984 870 1224 917 Terentio
1276 872 1537 918 confictam
1585 889 1708 926 esse,
1752 884 1803 920 ut

244 954 582 1012 Gnathonem,
624 970 887 1015 personam
918 952 1126 1007 Colacis,
1158 953 1205 999 in
1236 964 1405 1000 nostra
1431 954 1595 1001 fabula
1623 955 1800 1016 produ-

242 1054 351 1084 cere
391 1048 573 1098 posset.
614 1036 649 1099 1)
692 1037 812 1090 Nec,
855 1053 963 1082 cum
999 1036 1174 1082 iniuria
1202 1047 1342 1098 putet
1371 1038 1642 1085 Nencinius
1669 1040 1801 1100 apud

243 1121 575 1168 Menandrum
606 1119 914 1181 Pamphilam
944 1119 1022 1165 hic
1051 1137 1148 1165 non
1179 1119 1435 1181 prodiisse,
1465 1121 1569 1167 veri
1598 1121 1800 1168 similius

242 1204 294 1251 fit
344 1220 452 1250 eam
507 1220 604 1249 non
657 1219 684 1249 a
738 1202 887 1249 milite
927 1203 1178 1257 donatam,
1221 1204 1308 1249 sed
1348 1203 1442 1250 iam
1483 1215 1631 1252 antea
1667 1205 1800 1267 apud

241 1286 547 1333 meretricem
605 1285 751 1332 fuisse
808 1296 857 1332 et
915 1285 1140 1332 Chaerea
1196 1285 1291 1332 alia
1341 1288 1555 1349 quadam
1609 1288 1799 1335 ratione

240 1369 365 1417 illius
398 1386 565 1416 amore
593 1379 789 1431 captum
817 1386 951 1423 esse;
996 1386 1156 1431 neque
1184 1370 1553 1417 assentiendum
1582 1381 1656 1417 est
1685 1371 1798 1417 Par*

240 1470 521 1507 menonem,
557 1469 665 1498 cum
699 1452 929 1499 deductio
964 1452 1156 1514 puellae
1190 1469 1218 1498 a
1254 1452 1519 1500 Menandri
1554 1454 1797 1501 Eunucho

238 1537 449 1591 abesset,
490 1554 599 1584 eam
641 1553 739 1583 non
780 1535 1117 1597 conspicatum
1157 1553 1265 1584 esse
1304 1546 1353 1583 et
1386 1536 1696 1598 ignoravisse
1735 1538 1797 1584 de

238 1636 452 1682 quanam
493 1618 657 1681 puella
697 1618 929 1665 meretrix
969 1618 1023 1681 (I.
1070 1621 1116 1682 2)
1157 1618 1320 1666 locuta
1346 1630 1492 1667 esset.
1524 1620 1797 1667 Nencinius

237 1703 434 1766 quidem
476 1713 616 1764 putat
655 1702 746 1749 hac
786 1719 836 1748 re
875 1700 1126 1763 explicari,
1167 1720 1252 1749 cur
1291 1703 1536 1749 Parmeno
1581 1702 1794 1765 puellam

238 1786 435 1833 noverit
483 1796 533 1833 et
583 1796 748 1832 tamen
803 1784 1058 1831 Chaereae
1098 1785 1229 1831 viam
1269 1786 1332 1832 ad
1371 1804 1479 1833 eam
1520 1787 1793 1834 vitiandam

238 1869 481 1923 munierit,
522 1870 610 1916 sed
650 1869 743 1916 iam
785 1868 979 1916 ostendi
1019 1885 1065 1930 p.
1113 1885 1169 1914 2⁰
1202 1887 1309 1932 sqq.
1341 1870 1434 1917 hoc
1461 1871 1665 1917 omnino
1693 1888 1792 1917 non

236 1970 344 1999 esse
384 1952 679 2001 mirandum.

384 2057 419 2109 1)
475 2058 580 2095 Vide
609 2058 851 2095 Nencinium
883 2069 920 2104 p.
951 2067 1026 2103 92:
1059 2058 1226 2104 „Rebus
1257 2058 1315 2094 sic
1338 2058 1584 2105 constitutis,
1608 2059 1795 2107 sequitur

235 2129 280 2160 ut
317 2124 551 2172 Pamphilae
589 2123 785 2161 deductio
821 2135 927 2170 quae
959 2123 1170 2160 Chaereae
1202 2123 1458 2160 advenientis
1490 2124 1622 2173 gratia
1651 2124 1697 2160 fit
1725 2125 1792 2161 uni

236 2188 432 2226 Terentio
461 2188 692 2226 vindicetur
721 2200 855 2236 eoque
889 2188 1067 2225 conficta
1096 2188 1256 2225 dicatur
1285 2193 1329 2225 ut
1359 2189 1586 2226 Gnathonis
1615 2201 1792 2237 persona

235 2254 396 2291 aliunde
427 2254 628 2291 accersita
657 2259 901 2303 argumento
932 2253 1222 2300 implicaretur.
1253 2254 1307 2290 At
1337 2254 1369 2291 si
1390 2254 1526 2302 puella
1547 2255 1584 2291 in
1606 2266 1665 2304 gr.
1688 2255 1791 2292 Eun.

235 2331 316 2356 non
346 2318 519 2367 primum
550 2319 627 2356 hoc
658 2319 751 2356 loco
783 2319 820 2356 in
851 2331 1044 2356 scaenam
1074 2319 1279 2366 prodibat,
1310 2319 1405 2356 illud
1435 2320 1520 2357 veri
1550 2320 1717 2357 similius
1751 2319 1791 2356 fit

234 2384 347 2431 quod
377 2395 500 2431 supra
530 2384 795 2430 coniecimus,
829 2396 919 2420 eam
950 2396 1030 2420 non
1061 2396 1083 2420 a
1114 2384 1237 2421 milite
1260 2384 1456 2421 donatam
1477 2384 1551 2421 sed
1573 2384 1651 2421 iam
1672 2389 1792 2422 antea

235 2449 345 2496 apud
375 2450 635 2486 meretricem
666 2449 793 2486 fuisse
825 2454 865 2486 et
897 2449 1125 2487 Chaeream
1157 2449 1233 2485 alia
1254 2449 1432 2496 quadam
1453 2450 1609 2487 ratione
1632 2450 1669 2487 in
1690 2450 1791 2487 illius

234 2525 416 2551 amorem
459 2514 663 2551 incidisse.
707 2514 839 2561 Supra
884 2513 1006 2550 etiam
1047 2513 1302 2550 ostendimus
1340 2515 1396 2563 (p.
1429 2513 1494 2562 84)
1524 2515 1723 2552 Thaidem
1753 2516 1791 2552 in

234 2578 342 2615 Men.
372 2578 474 2615 Eun.
506 2578 632 2616 fuisse
663 2579 714 2615 de
744 2579 998 2627 ingenuitate
1030 2578 1263 2626 Pamphilae
1295 2591 1434 2616 coram
1466 2591 1589 2616 servo
1610 2580 1637 2617 I.
1661 2591 1682 2617 2
1703 2580 1790 2618 sine

233 2643 476 2693 ambagibus
507 2633 699 2689 locutam,
730 2644 970 2681 Terentium
1000 2656 1100 2681 vero
1131 2644 1169 2680 in
1199 2644 1405 2692 colloquio
1436 2644 1501 2681 illo
1527 2645 1718 2682 nonnulla
1739 2646 1790 2683 ad

233 2714 432 2746 mutatam
470 2709 632 2746 fabulae
671 2709 951 2746 conditionem
991 2710 1357 2747 accommodasse:
1398 2710 1477 2747 hoc
1515 2722 1594 2747 non
1634 2716 1790 2748 temere

234 2774 467 2811 coniectum
497 2785 589 2810 esse
621 2786 671 2811 eo
703 2775 825 2811 etiam
855 2775 1055 2822 probatur
1085 2775 1197 2822 quod
1228 2787 1281 2812 ex
1312 2775 1387 2812 hac
1418 2775 1504 2812 sola
1529 2787 1679 2812 scaena
1700 2776 1743 2812 ΙΙ.
1769 2785 1787 2823 3

234 2839 485 2886 conspicitur
515 2839 691 2886 puellam
720 2839 962 2885 Parmenoni
983 2845 1122 2877 notam
1144 2851 1252 2886 esse,
1274 2852 1417 2877 verum
1438 2844 1574 2877 tamen
1596 2853 1650 2877 ex
1671 2841 1789 2878 huius

233 2903 403 2941 consilio
434 2915 558 2953 agere
592 2904 830 2942 Chaeream.
862 2905 916 2941 At
946 2917 1038 2942 cum
1068 2905 1264 2942 deductio
1295 2905 1456 2953 puellae
1486 2905 1524 2941 in
1556 2906 1663 2942 Men.
1686 2906 1788 2943 Eun.

233 2981 315 3005 non
359 2968 491 3015 fieret,
534 2980 670 3015 neque
714 2970 820 3007 illam
859 2969 1089 3017 conspicari
1124 2970 1259 3017 potuit
1288 2971 1487 3007 Parmeno
1518 2983 1652 3018 neque
1682 2972 1787 3009 scire

232 3044 328 3069 num
358 3044 407 3070 ea
437 3034 526 3081 ipsa
556 3038 669 3071 esset
698 3035 751 3071 de
780 3046 861 3082 qua
891 3035 1091 3072 meretrix
1119 3036 1292 3073 verbum
1322 3034 1530 3073 fecisset.’⁷
