2221 3526
1137 249 1199 296 74

393 378 525 438 apud
585 377 786 424 militem
839 388 984 432 esset,
1037 378 1296 424 deducere.
1376 378 1469 424 Per
1520 378 1662 424 huius
1713 378 1943 442 colloquii

393 470 588 521 tempus
628 460 853 507 Chaerea
891 459 1265 522 opportunitate
1307 478 1420 506 usus
1459 460 1703 521 virginem
1734 462 1941 508 vitiavit.

393 542 533 604 Quae
582 560 660 589 res
697 543 847 590 etiam
887 553 1185 604 argumento
1223 553 1298 589 est
1338 543 1417 589 III.
1462 560 1506 602 3,
1549 554 1601 590 ut
1639 561 1787 606 supra
1825 544 1942 599 dixi,

391 625 638 687 pertinere
676 626 739 672 ad
780 625 1091 672 Eunuchum.

534 708 652 755 Post
691 708 969 755 Chremetis
1003 708 1190 754 abitum
1226 708 1451 755 Chaerea
1480 709 1689 756 Thaidis
1715 711 1865 757 domo
1891 728 1944 757 se

390 790 620 838 subducit
663 802 713 838 et
752 801 1013 853 postquam
1053 791 1145 837 sibi
1185 792 1429 852 persuasit
1467 809 1519 838 se
1557 809 1587 838 a
1627 793 1824 840 nemine
1862 794 1943 840 de-

390 873 691 934 prehensum
749 891 872 928 esse,
931 873 1116 935 gaudio
1173 868 1441 921 exsultans
1487 885 1654 922 narrat
1703 893 1776 931 ea,
1818 894 1945 939 quae

390 956 520 1003 intus
576 956 939 1018 perpetraverit
995 966 1044 1003 et
1101 958 1163 1003 ad
1215 957 1427 1003 amicum
1480 957 1597 1012 abit,
1652 968 1703 1005 ut
1753 969 1943 1005 vestem

389 1049 561 1087 mutet.
614 1039 715 1103 (III.
761 1039 823 1103 5).
897 1040 1143 1086 Incertum
1191 1038 1571 1101 relinquendum
1612 1058 1720 1088 esse
1759 1042 1943 1097 censui,

391 1132 552 1168 utrum
594 1122 715 1168 haec
754 1121 1037 1183 Antiphoni
1076 1122 1250 1176 amico,
1292 1122 1375 1184 qui
1416 1123 1565 1169 modo
1603 1140 1715 1170 eum
1755 1125 1944 1186 quaesi-

388 1215 522 1251 turus
562 1204 609 1250 in
649 1221 879 1251 scaenam
924 1204 1140 1252 venisset
1178 1205 1278 1268 (HI.
1319 1205 1385 1269 4),
1415 1222 1477 1252 an
1507 1223 1595 1267 per
1623 1206 1944 1269 monologum

389 1288 678 1334 narraverit.
714 1287 749 1351 1)

532 1371 664 1416 Dum
694 1370 938 1417 Phaedria
967 1371 1050 1417 IV.
1086 1387 1109 1416 2
1143 1381 1324 1425 narrat,
1355 1371 1533 1434 quibus
1560 1372 1945 1434 cogitationibus

387 1454 627 1500 adductus
684 1464 799 1501 ante
857 1464 1053 1515 tempus
1103 1454 1424 1501 constitutum
1477 1455 1592 1518 (181
1651 1457 1781 1520 sqq.)
1832 1474 1944 1503 rure

388 1537 601 1591 redierit,
631 1537 769 1583 videt
798 1537 1025 1599 Pythiam
1055 1537 1201 1584 valde
1230 1548 1528 1584 commotam
1559 1538 1767 1585 Thaidis
1794 1540 1944 1586 domo

386 1637 438 1666 se
478 1620 859 1682 proripientem;
902 1637 1029 1682 quae
1068 1631 1333 1683 postquam
1375 1621 1459 1668 IV.
1505 1637 1530 1681 3
1575 1621 1867 1669 Phaedriam
1895 1633 1945 1669 et

388 1702 593 1749 Doriam
635 1703 800 1750 docuit
839 1704 900 1750 de
939 1703 1154 1750 eunuchi
1188 1703 1462 1750 incredibili
1490 1704 1706 1751 facinore
1733 1715 1783 1752 et
1808 1705 1940 1767 fuga,

386 1786 547 1832 visere
605 1786 911 1834 constituunt
963 1787 1228 1833 redieritne
1274 1788 1477 1833 domum
1525 1787 1815 1836 Phaedriae.
1886 1788 1939 1835 In

386 1886 444 1915 ea
495 1887 620 1932 quae
670 1870 892 1933 sequitur
937 1887 1117 1917 scaena
1157 1870 1458 1932 lepidissima
1500 1871 1583 1918 IV.
1626 1888 1655 1931 4
1698 1871 1942 1919 Phaedria

388 1952 594 2007 Dorum,
648 1970 821 2000 verum
873 1953 1156 2000 eunuchum
1197 1953 1457 2015 protrahit,
1500 1972 1609 2000 cum
1651 1954 1854 2016 Pythias
1893 1966 1942 2003 et

388 2035 568 2082 Dorias
595 2047 837 2098 quaerant
858 2036 1058 2091 falsum;
1099 2037 1266 2083 Dorus
1294 2054 1322 2083 a
1344 2036 1587 2084 Phaedria
1609 2037 1941 2099 interrogatus

386 2118 639 2165 Chaereae
661 2119 847 2165 facinus
873 2120 1137 2181 expromit,
1174 2121 1306 2183 quod
1329 2120 1532 2182 Pythias
1564 2120 1720 2167 Doria
1741 2130 1942 2167 auctore

386 2201 632 2248 Thaidem
673 2202 832 2249 celare
872 2203 1139 2251 constituit.

528 2285 757 2332 Dubitari
780 2303 879 2332 non
902 2297 1082 2347 potest,
1106 2286 1222 2349 quin
1254 2287 1374 2333 haec
1402 2286 1569 2333 omnia
1597 2287 1644 2333 in
1674 2287 1941 2335 Menandri

386 2368 629 2415 Eunucho
680 2370 857 2416 eodem
911 2370 1060 2416 modo
1105 2370 1233 2417 facta
1271 2370 1369 2416 sint
1407 2380 1556 2432 atque
1596 2370 1744 2432 igitur
1782 2388 1843 2418 ex
1882 2389 1941 2418 ea

531 2509 565 2559 1)
620 2510 654 2547 E
692 2510 841 2548 Donati
879 2511 1016 2548 verbis
1047 2511 1098 2548 ad
1129 2511 1233 2548 And.
1265 2512 1312 2548 V.
1347 2519 1379 2558 5.
1413 2520 1454 2558 3:
1487 2521 1548 2558 „3.
1580 2511 1670 2560 Ego
1701 2512 1871 2549 deorum
1902 2525 1939 2550 v.

382 2588 421 2624 p.
440 2588 470 2612 s.
489 2588 523 2612 e.
542 2588 596 2612 a.:
637 2575 742 2612 hanc
782 2576 1028 2613 sententiam
1067 2581 1196 2613 totam
1236 2576 1447 2613 Menandri
1487 2577 1538 2613 de
1578 2577 1778 2615 Eunucho
1808 2583 1940 2615 trans-

382 2640 473 2677 tulit
491 2670 603 2678 .....
649 2645 690 2677 et
733 2645 797 2677 est
840 2640 955 2689 δόγμα
986 2641 1212 2691 Ἰῡπικούρειον
1251 2654 1285 2680 e.
1314 2654 1351 2688 q.
1379 2641 1436 2678 s.”
1477 2641 1697 2679 Nencinius
1728 2655 1767 2690 p.
1797 2652 1845 2689 43
1878 2656 1938 2690 sq.

382 2706 518 2743 effecit
558 2705 595 2742 in
634 2705 746 2743 initio
781 2717 959 2743 scaenae
991 2706 1051 2742 ΙΙΙ.
1086 2714 1104 2753 5
1137 2707 1383 2743 sententiam
1414 2707 1660 2754 Epicuream
1690 2720 1713 2745 a
1743 2708 1938 2746 Terentio

382 2771 575 2808 omissam
615 2783 721 2808 esse.
779 2770 886 2818 Quid
927 2771 1002 2808 hac
1034 2772 1083 2808 de
1116 2783 1160 2808 re
1204 2771 1466 2808 iudicandum
1497 2772 1559 2818 sit,
1600 2778 1713 2810 recte
1745 2774 1940 2820 exposuit

381 2836 575 2883 Sipkema
604 2848 642 2883 p.
672 2844 735 2883 95,
766 2848 859 2873 cum
889 2837 1187 2874 animadvertat
1217 2837 1370 2885 optime
1402 2837 1488 2874 ficri
1511 2850 1649 2885 posse,
1672 2843 1716 2875 ut
1737 2838 1801 2875 hic
1822 2839 1938 2875 locus

382 2914 403 2938 e
443 2901 660 2948 Perinthia,
700 2913 823 2948 quam
861 2902 1081 2939 scholiasta
1120 2914 1201 2939 non
1241 2902 1482 2949 inspexerit,
1522 2903 1765 2950 desumptus
1802 2903 1865 2950 sit,
1896 2908 1939 2940 et

383 2966 518 3004 locum
548 2966 586 3002 in
617 2967 719 3003 Eun.
750 2966 809 3003 ΙΙΙ.
845 2974 875 3014 5.
911 2974 943 3014 5.
974 2966 1137 3004 minime
1170 2967 1403 3005 convenire.
1454 2985 1457 2987 ·
