2221 3526
1190 263 1254 305 66

442 412 697 464 comparat
751 401 938 448 scholia
995 400 1248 454 nonnulla,
1307 417 1334 446 e
1385 399 1562 462 quibus
1620 409 1786 446 tamen
1846 417 1998 446 unum

441 495 650 540 tantum,
703 486 765 531 ad
818 485 878 532 V.
917 487 961 531 8.
998 501 1060 544 4;
1119 484 1282 547 „Quid
1334 483 1412 529 hic
1456 482 1612 529 laetus
1650 492 1751 528 est:
1793 482 1999 529 inventa

442 584 656 629 persona
693 577 783 621 est,
824 577 1028 628 propter
1067 582 1214 628 quam
1254 575 1398 627 gesta
1436 565 1514 611 hic
1555 575 1721 611 narrat
1756 564 1996 619 Chaerea,

442 660 493 696 ut
531 660 581 697 et
619 649 833 711 populus
860 660 910 696 et
943 648 1082 694 miles
1109 648 1415 695 instruantur
1442 657 1492 694 et
1518 647 1689 702 sciant,
1720 647 1838 710 quid
1868 647 1999 694 intus

443 743 640 794 gestum
669 731 780 787 sit,’'
805 732 1177 795 quodammodo
1205 748 1314 777 cum
1344 741 1514 777 nostro
1542 730 1730 776 scholio
1751 731 1996 791 congruit,

442 827 495 863 ut
534 816 712 878 probet
752 845 816 849 —
858 816 989 877 quod
1030 814 1177 861 hodie
1218 831 1364 861 nemo
1405 814 1609 875 negabit
1644 844 1709 847 -—
1741 814 1997 861 Donatum

444 899 729 960 saepissime
759 897 999 944 Terentio
1026 897 1323 952 adscribere,
1348 897 1482 959 quod
1510 896 1781 958 exemplari
1805 897 1999 944 Graeco

442 983 698 1029 debeatur.

585 1065 627 1111 E
668 1065 942 1112 TEUFFELII
982 1080 1182 1126 quoque
1221 1063 1468 1110 sententia
1495 1063 1561 1126 (p.
1597 1063 1714 1126 283)
1754 1080 1853 1109 non
1888 1062 2001 1109 licet

442 1165 469 1194 e
520 1147 707 1194 scholio
758 1148 821 1193 ad
874 1146 935 1193 V.
991 1149 1036 1193 8.
1087 1163 1118 1205 4
1175 1146 1368 1193 efficere
1428 1146 1790 1192 Parmenonem
1843 1146 1891 1191 in
1942 1162 2001 1192 ea

442 1247 621 1277 scaena
677 1231 811 1292 apud
870 1229 1206 1276 Menandrum
1266 1246 1364 1275 non
1425 1229 1692 1291 prodiisse;
1727 1229 1763 1292 1)
1820 1229 2000 1275 deinde

442 1313 794 1360 animadvertit
834 1313 914 1360 ΙΙΙ.
956 1329 986 1372 4
1028 1313 1337 1374 Antiphonis
1364 1312 1496 1359 vitae
1525 1312 1783 1367 rationem,
1813 1312 1851 1358 si
1880 1312 2001 1359 haec

443 1413 656 1459 persona
705 1413 734 1443 a
786 1397 1025 1443 Terentio
1078 1397 1283 1443 inventa
1326 1395 1510 1450 fuisset,
1552 1395 1714 1442 minus
1754 1396 1998 1442 Graecam

441 1480 589 1526 fuisse
627 1490 676 1527 et
727 1490 985 1541 praeterea
1036 1480 1083 1526 in
1138 1480 1331 1526 Graeca
1378 1496 1575 1541 quoque
1613 1478 1780 1525 fabula
1819 1477 1998 1541 requiri

442 1562 671 1626 aliquem,
712 1563 759 1609 in
800 1563 938 1609 cuius
976 1564 1126 1609 domo
1167 1562 1392 1609 Chaerea
1430 1573 1596 1609 vestes
1635 1572 1805 1609 mutet.

585 1647 685 1692 Iam
727 1647 1012 1701 recensebo,
1055 1663 1182 1708 quae
1222 1646 1285 1692 ab
1325 1645 1396 1700 iis,
1445 1646 1527 1708 qui
1555 1645 1863 1707 Antiphonis
1890 1661 1997 1706 per-

441 1745 614 1775 sonam
657 1729 897 1776 Terentio
936 1729 1158 1776 tribuunt
1198 1728 1449 1790 disputata
1488 1738 1615 1775 sunt.

583 1812 894 1859 GRAUERTUS
953 1812 1140 1859 Donati
1197 1811 1369 1858 scholii
1428 1811 1583 1858 verba
1640 1827 1873 1873 premens
1929 1812 1997 1858 sic

439 1895 633 1957 scripsit
684 1913 730 1957 p.
793 1909 914 1954 172:
969 1896 1067 1950 „Er
1106 1895 1414 1960 (Terentius)
1456 1894 1575 1942 lasst
1615 1895 1717 1958 (III.
1759 1895 1811 1959 4)
1849 1895 1995 1942 einen

430 1979 623 2041 jungen
687 1979 826 2025 Hern
888 1979 1111 2026 Namens
1176 1979 1404 2040 Antipho
1462 1978 1722 2034 austreten,
1782 1978 1996 2025 welcher

437 2063 533 2109 den
587 2061 812 2109 Chaerea
862 2062 1020 2117 sucht,
1087 2080 1168 2108 um
1222 2062 1306 2108 ihn
1355 2079 1412 2108 zu
1465 2062 1577 2108 dem
1630 2062 1993 2109 verabredeten

438 2145 616 2192 Piknik
674 2164 731 2192 zu
789 2146 994 2192 fuhren:
1047 2146 1233 2192 diesem
1286 2144 1473 2191 erzahlt
1524 2144 1751 2191 Chaerea
1801 2145 1901 2209 (III.
1946 2145 1994 2207 5)

435 2229 531 2275 den
600 2229 948 2277 erwunschten
1022 2229 1272 2290 Ausgang
1341 2228 1504 2274 seines
1569 2228 1853 2275 Versuches
1914 2228 1992 2274 bei

436 2312 709 2374 Pamphila,
750 2329 805 2359 so
844 2313 958 2359 dass
999 2313 1087 2359 der
1128 2312 1349 2359 Zuhorer
1388 2312 1493 2358 dies
1520 2311 1675 2358 durch
1705 2311 1850 2358 einen
1879 2311 1994 2358 sehr

433 2394 685 2442 lebhaften
746 2395 931 2456 Dialog
987 2395 1188 2442 erfahrt.
1279 2395 1362 2442 ssei
1416 2395 1696 2442 Menander
1759 2396 1991 2456 dagegen

432 2478 648 2525 erzahlte
689 2478 913 2526 Chaerea
951 2479 1114 2526 dieses
1154 2496 1243 2525 nur
1283 2478 1331 2524 in
1374 2477 1669 2540 Monolog.''

576 2562 832 2608 BRAUNIUS
871 2579 917 2623 p.
964 2566 1042 2615 26,
1078 2561 1254 2608 iterum
1284 2561 1444 2607 minus
1472 2571 1603 2608 recte
1631 2560 1826 2608 tertiam
1855 2561 1992 2608 fabu-

431 2644 527 2691 lam
562 2645 609 2691 in
638 2645 1060 2692 contaminatione
1087 2645 1363 2692 adhibitam
1392 2662 1500 2691 esse
1529 2655 1689 2699 ratus,
1718 2646 1760 2708 2)
1788 2643 1991 2706 protulit

432 2728 559 2774 hanc
615 2728 930 2780 sententiam,
989 2745 1017 2775 a
1075 2729 1232 2774 FAmA
1291 2746 1337 2789 p.
1406 2743 1468 2788 50
1526 2728 1802 2789 probatam,
1863 2728 1991 2774 hanc

579 2910 614 2951 1)
671 2908 732 2947 Cf.
763 2909 815 2946 de
846 2909 921 2946 hac
953 2920 1104 2946 scaena
1134 2921 1172 2957 p.
1205 2910 1250 2946 81
1285 2921 1375 2957 sqq.

576 2996 614 3048 2)
671 2997 734 3034 Cf.
766 3009 804 3045 p.
833 3004 895 3043 47.
