<?xml version="1.0" encoding="UTF-8"?>
<!DOCTYPE html PUBLIC "-//W3C//DTD XHTML 1.0 Transitional//EN"
    "http://www.w3.org/TR/xhtml1/DTD/xhtml1-transitional.dtd">
<html xmlns="http://www.w3.org/1999/xhtml" xml:lang="en" lang="en">
 <head>
  <title>
</title>
<meta http-equiv="Content-Type" content="text/html;charset=utf-8" />
  <meta name='ocr-system' content='tesseract 3.04.00' />
  <meta name='ocr-capabilities' content='ocr_page ocr_carea ocr_par ocr_line ocrx_word'/>
</head>
<body>
  <div class='ocr_page' id='page_1' title='image "./deeunuchiterenti00oudeuoft_0074.png"; bbox 0 0 2221 3526; ppageno 0'>
   <div class='ocr_carea' id='block_1_1' title="bbox 1169 269 1234 312">
    <p class='ocr_par' dir='ltr' id='par_1_1' title="bbox 1169 269 1234 312">
     <span class='ocr_line' id='line_1_1' title="bbox 1169 269 1234 312; baseline 0 0"><span class='ocrx_word' id='word_1_1' title='bbox 1169 269 1234 312; x_wconf 83' lang='lat'><strong>60</strong></span> 
     </span>
    </p>
   </div>
   <div class='ocr_carea' id='block_1_2' title="bbox 415 406 1982 2046">
    <p class='ocr_par' dir='ltr' id='par_1_2' title="bbox 420 406 1981 801">
     <span class='ocr_line' id='line_1_2' title="bbox 420 406 1979 470; baseline -0.002 -15"><span class='ocrx_word' id='word_1_2' title='bbox 420 407 624 470; x_wconf 91' lang='lat' dir='ltr'><strong>philam,</strong></span> <span class='ocrx_word' id='word_1_3' title='bbox 672 418 724 454; x_wconf 91' lang='lat' dir='ltr'><strong>ut</strong></span> <span class='ocrx_word' id='word_1_4' title='bbox 774 407 959 454; x_wconf 90' lang='lat' dir='ltr'><strong>amicos</strong></span> <span class='ocrx_word' id='word_1_5' title='bbox 1008 406 1252 453; x_wconf 87' lang='lat' dir='ltr'><strong>beneficio</strong></span> <span class='ocrx_word' id='word_1_6' title='bbox 1305 406 1397 452; x_wconf 80' lang='lat' dir='ltr'><strong>sibi</strong></span> <span class='ocrx_word' id='word_1_7' title='bbox 1448 417 1604 467; x_wconf 89' lang='lat' dir='ltr'><strong>paret.</strong></span> <span class='ocrx_word' id='word_1_8' title='bbox 1672 407 1812 453; x_wconf 87' lang='lat' dir='ltr'><strong>Haec</strong></span> <span class='ocrx_word' id='word_1_9' title='bbox 1869 424 1979 452; x_wconf 88' lang='lat' dir='ltr'><strong>curn</strong></span> 
     </span>
     <span class='ocr_line' id='line_1_3' title="bbox 420 488 1981 551; baseline -0.003 -13"><span class='ocrx_word' id='word_1_10' title='bbox 420 491 538 538; x_wconf 89' lang='lat' dir='ltr'><strong>dicit</strong></span> <span class='ocrx_word' id='word_1_11' title='bbox 578 491 749 545; x_wconf 90' lang='lat' dir='ltr'><strong>Thais,</strong></span> <span class='ocrx_word' id='word_1_12' title='bbox 793 490 1110 536; x_wconf 76' lang='lat' dir='ltr'><strong>Chremetem</strong></span> <span class='ocrx_word' id='word_1_13' title='bbox 1147 488 1358 550; x_wconf 81' lang='lat' dir='ltr'><strong>respicit.</strong></span> <span class='ocrx_word' id='word_1_14' title='bbox 1414 489 1575 536; x_wconf 80' lang='lat' dir='ltr'><strong>Valde</strong></span> <span class='ocrx_word' id='word_1_15' title='bbox 1602 489 1749 551; x_wconf 79' lang='lat' dir='ltr'><strong>igitur</strong></span> <span class='ocrx_word' id='word_1_16' title='bbox 1776 489 1981 536; x_wconf 88' lang='lat' dir='ltr'><strong>miratur</strong></span> 
     </span>
     <span class='ocr_line' id='line_1_4' title="bbox 420 570 1979 633; baseline -0.002 -13"><span class='ocrx_word' id='word_1_17' title='bbox 420 590 530 620; x_wconf 89' lang='lat' dir='ltr'><strong>eam</strong></span> <span class='ocrx_word' id='word_1_18' title='bbox 578 572 852 619; x_wconf 77' lang='lat' dir='ltr'><strong>Phaedriae</strong></span> <span class='ocrx_word' id='word_1_19' title='bbox 893 571 1046 633; x_wconf 88' lang='lat' dir='ltr'><strong>ipsius</strong></span> <span class='ocrx_word' id='word_1_20' title='bbox 1086 570 1350 617; x_wconf 84' lang='lat' dir='ltr'><strong>amicitiam</strong></span> <span class='ocrx_word' id='word_1_21' title='bbox 1391 570 1595 618; x_wconf 89' lang='lat' dir='ltr'><strong>minoris</strong></span> <span class='ocrx_word' id='word_1_22' title='bbox 1633 571 1793 618; x_wconf 89' lang='lat' dir='ltr'><strong>facere</strong></span> <span class='ocrx_word' id='word_1_23' title='bbox 1833 588 1979 633; x_wconf 86' lang='lat' dir='ltr'><strong>quam</strong></span> 
     </span>
     <span class='ocr_line' id='line_1_5' title="bbox 421 654 1980 717; baseline -0.001 -14"><span class='ocrx_word' id='word_1_24' title='bbox 421 656 715 711; x_wconf 83' lang='lat' dir='ltr'><strong>Chremetis,</strong></span> <span class='ocrx_word' id='word_1_25' title='bbox 745 655 902 703; x_wconf 87' lang='lat' dir='ltr'><strong>timidi</strong></span> <span class='ocrx_word' id='word_1_26' title='bbox 924 665 973 701; x_wconf 91' lang='lat' dir='ltr'><strong>et</strong></span> <span class='ocrx_word' id='word_1_27' title='bbox 994 654 1114 701; x_wconf 89' lang='lat' dir='ltr'><strong>fatui</strong></span> <span class='ocrx_word' id='word_1_28' title='bbox 1135 654 1507 710; x_wconf 80' lang='lat' dir='ltr'><strong>adulescentuli,</strong></span> <span class='ocrx_word' id='word_1_29' title='bbox 1531 655 1670 702; x_wconf 85' lang='lat' dir='ltr'><strong>Sunii</strong></span> <span class='ocrx_word' id='word_1_30' title='bbox 1691 654 1980 717; x_wconf 83' lang='lat' dir='ltr'><strong>plerumque</strong></span> 
     </span>
     <span class='ocr_line' id='line_1_6' title="bbox 420 739 664 801; baseline 0.004 -16"><span class='ocrx_word' id='word_1_31' title='bbox 420 739 664 801; x_wconf 79' lang='lat' dir='ltr'><strong>degentis.</strong></span> 
     </span>
    </p>

    <p class='ocr_par' dir='ltr' id='par_1_3' title="bbox 417 819 1981 1216">
     <span class='ocr_line' id='line_1_7' title="bbox 564 819 1978 875; baseline -0.001 -7"><span class='ocrx_word' id='word_1_32' title='bbox 564 822 657 868; x_wconf 85' lang='lat' dir='ltr'><strong>His</strong></span> <span class='ocrx_word' id='word_1_33' title='bbox 696 822 757 867; x_wconf 92' lang='lat' dir='ltr'><strong>de</strong></span> <span class='ocrx_word' id='word_1_34' title='bbox 797 819 956 867; x_wconf 86' lang='lat' dir='ltr'><strong>causis</strong></span> <span class='ocrx_word' id='word_1_35' title='bbox 998 819 1246 866; x_wconf 88' lang='lat' dir='ltr'><strong>Nencinio</strong></span> <span class='ocrx_word' id='word_1_36' title='bbox 1286 830 1474 866; x_wconf 89' lang='lat' dir='ltr'><strong>certum</strong></span> <span class='ocrx_word' id='word_1_37' title='bbox 1503 820 1715 875; x_wconf 88' lang='lat' dir='ltr'><strong>videtur,</strong></span> <span class='ocrx_word' id='word_1_38' title='bbox 1745 819 1978 867; x_wconf 89' lang='lat' dir='ltr'><strong>Chreme-</strong></span> 
     </span>
     <span class='ocr_line' id='line_1_8' title="bbox 420 902 1981 957; baseline -0.001 -6"><span class='ocrx_word' id='word_1_39' title='bbox 420 915 518 951; x_wconf 86' lang='lat' dir='ltr'><strong>tem</strong></span> <span class='ocrx_word' id='word_1_40' title='bbox 559 905 620 950; x_wconf 91' lang='lat' dir='ltr'><strong>de</strong></span> <span class='ocrx_word' id='word_1_41' title='bbox 661 902 929 950; x_wconf 86' lang='lat' dir='ltr'><strong>Menandri</strong></span> <span class='ocrx_word' id='word_1_42' title='bbox 970 902 1214 949; x_wconf 82' lang='lat' dir='ltr'><strong>Eunucho</strong></span> <span class='ocrx_word' id='word_1_43' title='bbox 1254 920 1498 957; x_wconf 81' lang='lat' dir='ltr'><strong>manasse,</strong></span> <span class='ocrx_word' id='word_1_44' title='bbox 1538 904 1752 949; x_wconf 89' lang='lat' dir='ltr'><strong>eundem</strong></span> <span class='ocrx_word' id='word_1_45' title='bbox 1793 920 1914 949; x_wconf 84' lang='lat' dir='ltr'><strong>vero</strong></span> <span class='ocrx_word' id='word_1_46' title='bbox 1952 920 1981 949; x_wconf 92' lang='lat' dir='ltr'><strong>a</strong></span> 
     </span>
     <span class='ocr_line' id='line_1_9' title="bbox 421 985 1980 1048; baseline -0.001 -15"><span class='ocrx_word' id='word_1_47' title='bbox 421 987 663 1034; x_wconf 86' lang='lat' dir='ltr'><strong>Terentio</strong></span> <span class='ocrx_word' id='word_1_48' title='bbox 713 985 857 1033; x_wconf 90' lang='lat' dir='ltr'><strong>aliter</strong></span> <span class='ocrx_word' id='word_1_49' title='bbox 908 986 1158 1047; x_wconf 88' lang='lat' dir='ltr'><strong>depictum</strong></span> <span class='ocrx_word' id='word_1_50' title='bbox 1200 1003 1325 1033; x_wconf 89' lang='lat' dir='ltr'><strong>esse.</strong></span> <span class='ocrx_word' id='word_1_51' title='bbox 1393 986 1666 1033; x_wconf 86' lang='lat' dir='ltr'><strong>Contendit</strong></span> <span class='ocrx_word' id='word_1_52' title='bbox 1704 987 1835 1048; x_wconf 90' lang='lat' dir='ltr'><strong>apud</strong></span> <span class='ocrx_word' id='word_1_53' title='bbox 1875 986 1980 1032; x_wconf 87' lang='lat' dir='ltr'><strong>Me-</strong></span> 
     </span>
     <span class='ocr_line' id='line_1_10' title="bbox 421 1068 1981 1125; baseline 0 -9"><span class='ocrx_word' id='word_1_54' title='bbox 421 1071 666 1116; x_wconf 90' lang='lat' dir='ltr'><strong>nandrum</strong></span> <span class='ocrx_word' id='word_1_55' title='bbox 696 1069 1016 1115; x_wconf 86' lang='lat' dir='ltr'><strong>Chremetem</strong></span> <span class='ocrx_word' id='word_1_56' title='bbox 1045 1068 1192 1115; x_wconf 89' lang='lat' dir='ltr'><strong>fuisse</strong></span> <span class='ocrx_word' id='word_1_57' title='bbox 1221 1085 1410 1125; x_wconf 88' lang='lat' dir='ltr'><strong>senem,</strong></span> <span class='ocrx_word' id='word_1_58' title='bbox 1440 1069 1575 1115; x_wconf 91' lang='lat' dir='ltr'><strong>cuius</strong></span> <span class='ocrx_word' id='word_1_59' title='bbox 1603 1069 1671 1115; x_wconf 91' lang='lat' dir='ltr'><strong>rei</strong></span> <span class='ocrx_word' id='word_1_60' title='bbox 1700 1069 1820 1115; x_wconf 92' lang='lat' dir='ltr'><strong>haec</strong></span> <span class='ocrx_word' id='word_1_61' title='bbox 1839 1069 1981 1116; x_wconf 82' lang='lat' dir='ltr'><strong>affert</strong></span> 
     </span>
     <span class='ocr_line' id='line_1_11' title="bbox 417 1151 1144 1216; baseline -0.003 -16"><span class='ocrx_word' id='word_1_62' title='bbox 417 1162 716 1215; x_wconf 80' lang='lat' dir='ltr'><strong>argumenta</strong></span> <span class='ocrx_word' id='word_1_63' title='bbox 755 1152 822 1216; x_wconf 89' lang='lat' dir='ltr'><strong>(p,</strong></span> <span class='ocrx_word' id='word_1_64' title='bbox 853 1154 917 1198; x_wconf 81' lang='lat'><strong>86</strong></span> <span class='ocrx_word' id='word_1_65' title='bbox 946 1152 1069 1216; x_wconf 84' lang='lat' dir='ltr'><strong>sq.):</strong></span> <span class='ocrx_word' id='word_1_66' title='bbox 1108 1151 1144 1215; x_wconf 82' lang='lat'><strong>1)</strong></span> 
     </span>
    </p>

    <p class='ocr_par' dir='ltr' id='par_1_4' title="bbox 415 1232 1982 2046">
     <span class='ocr_line' id='line_1_12' title="bbox 562 1232 1982 1302; baseline -0.002 -20"><span class='ocrx_word' id='word_1_67' title='bbox 562 1235 781 1282; x_wconf 88' lang='lat' dir='ltr'><strong>Primum</strong></span> <span class='ocrx_word' id='word_1_68' title='bbox 833 1234 1188 1282; x_wconf 87' lang='lat' dir='ltr'><strong>animadvertit</strong></span> <span class='ocrx_word' id='word_1_69' title='bbox 1239 1234 1287 1281; x_wconf 91' lang='lat' dir='ltr'><strong>in</strong></span> <span class='ocrx_word' id='word_1_70' title='bbox 1341 1252 1474 1282; x_wconf 84' lang='lat' dir='ltr'><strong>nova</strong></span> <span class='ocrx_word' id='word_1_71' title='bbox 1511 1234 1768 1281; x_wconf 85' lang='lat' dir='ltr'><strong>comoedia</strong></span> <span class='ocrx_word' id='word_1_72' title='bbox 1808 1232 1982 1302; x_wconf 64' lang='grc' dir='ltr'><em>Χρέμης</em></span> 
     </span>
     <span class='ocr_line' id='line_1_13' title="bbox 417 1316 1979 1380; baseline -0.001 -16"><span class='ocrx_word' id='word_1_73' title='bbox 417 1335 613 1380; x_wconf 87' lang='lat' dir='ltr'><strong>semper</strong></span> <span class='ocrx_word' id='word_1_74' title='bbox 664 1335 846 1364; x_wconf 89' lang='lat' dir='ltr'><strong>nomen</strong></span> <span class='ocrx_word' id='word_1_75' title='bbox 899 1335 1007 1364; x_wconf 91' lang='lat' dir='ltr'><strong>esse</strong></span> <span class='ocrx_word' id='word_1_76' title='bbox 1061 1317 1219 1373; x_wconf 91' lang='lat' dir='ltr'><strong>senis;</strong></span> <span class='ocrx_word' id='word_1_77' title='bbox 1274 1334 1439 1379; x_wconf 87' lang='lat' dir='ltr'><strong>porro,</strong></span> <span class='ocrx_word' id='word_1_78' title='bbox 1486 1317 1526 1364; x_wconf 90' lang='lat' dir='ltr'><strong>si</strong></span> <span class='ocrx_word' id='word_1_79' title='bbox 1564 1334 1718 1364; x_wconf 80' lang='lat' dir='ltr'><strong>senex</strong></span> <span class='ocrx_word' id='word_1_80' title='bbox 1756 1316 1837 1364; x_wconf 91' lang='lat' dir='ltr'><strong>ille</strong></span> <span class='ocrx_word' id='word_1_81' title='bbox 1875 1317 1979 1372; x_wconf 88' lang='lat' dir='ltr'><strong>fuit,</strong></span> 
     </span>
     <span class='ocr_line' id='line_1_14' title="bbox 416 1400 1982 1464; baseline 0 -17"><span class='ocrx_word' id='word_1_82' title='bbox 416 1401 555 1448; x_wconf 88' lang='lat' dir='ltr'><strong>facile</strong></span> <span class='ocrx_word' id='word_1_83' title='bbox 606 1400 856 1464; x_wconf 76' lang='lat' dir='ltr'><strong>explicari,</strong></span> <span class='ocrx_word' id='word_1_84' title='bbox 908 1418 993 1447; x_wconf 91' lang='lat' dir='ltr'><strong>cur</strong></span> <span class='ocrx_word' id='word_1_85' title='bbox 1043 1401 1178 1462; x_wconf 89' lang='lat' dir='ltr'><strong>apud</strong></span> <span class='ocrx_word' id='word_1_86' title='bbox 1225 1401 1561 1448; x_wconf 88' lang='lat' dir='ltr'><strong>Menandrum</strong></span> <span class='ocrx_word' id='word_1_87' title='bbox 1608 1400 1839 1447; x_wconf 73' lang='lat' dir='ltr'><strong>meretrix</strong></span> <span class='ocrx_word' id='word_1_88' title='bbox 1879 1401 1982 1448; x_wconf 91' lang='lat' dir='ltr'><strong>eius</strong></span> 
     </span>
     <span class='ocr_line' id='line_1_15' title="bbox 416 1483 1982 1532; baseline 0 -2"><span class='ocrx_word' id='word_1_89' title='bbox 416 1484 680 1531; x_wconf 86' lang='lat' dir='ltr'><strong>amicitiam</strong></span> <span class='ocrx_word' id='word_1_90' title='bbox 733 1484 857 1532; x_wconf 90' lang='lat' dir='ltr'><strong>tanti</strong></span> <span class='ocrx_word' id='word_1_91' title='bbox 902 1484 1072 1531; x_wconf 86' lang='lat' dir='ltr'><strong>fecerit</strong></span> <span class='ocrx_word' id='word_1_92' title='bbox 1117 1501 1174 1531; x_wconf 92' lang='lat' dir='ltr'><strong>ac</strong></span> <span class='ocrx_word' id='word_1_93' title='bbox 1214 1501 1382 1530; x_wconf 87' lang='lat' dir='ltr'><strong>rursus</strong></span> <span class='ocrx_word' id='word_1_94' title='bbox 1421 1501 1504 1530; x_wconf 93' lang='lat' dir='ltr'><strong>cur</strong></span> <span class='ocrx_word' id='word_1_95' title='bbox 1544 1483 1812 1530; x_wconf 88' lang='lat' dir='ltr'><strong>Terentius</strong></span> <span class='ocrx_word' id='word_1_96' title='bbox 1849 1484 1982 1530; x_wconf 89' lang='lat' dir='ltr'><strong>senis</strong></span> 
     </span>
     <span class='ocr_line' id='line_1_16' title="bbox 417 1566 1978 1630; baseline 0 -17"><span class='ocrx_word' id='word_1_97' title='bbox 417 1585 683 1629; x_wconf 83' lang='lat' dir='ltr'><strong>personam</strong></span> <span class='ocrx_word' id='word_1_98' title='bbox 735 1584 910 1629; x_wconf 88' lang='lat' dir='ltr'><strong>parum</strong></span> <span class='ocrx_word' id='word_1_99' title='bbox 962 1567 1211 1622; x_wconf 89' lang='lat' dir='ltr'><strong>idoneam,</strong></span> <span class='ocrx_word' id='word_1_100' title='bbox 1267 1584 1393 1630; x_wconf 84' lang='lat' dir='ltr'><strong>quae</strong></span> <span class='ocrx_word' id='word_1_101' title='bbox 1446 1566 1586 1614; x_wconf 89' lang='lat' dir='ltr'><strong>militi</strong></span> <span class='ocrx_word' id='word_1_102' title='bbox 1625 1577 1978 1629; x_wconf 90' lang='lat' dir='ltr'><strong>opponeretur,</strong></span> 
     </span>
     <span class='ocr_line' id='line_1_17' title="bbox 417 1650 1981 1705; baseline 0.001 -9"><span class='ocrx_word' id='word_1_103' title='bbox 417 1650 778 1705; x_wconf 87' lang='lat' dir='ltr'><strong>immutaverit;</strong></span> <span class='ocrx_word' id='word_1_104' title='bbox 822 1651 1004 1697; x_wconf 91' lang='lat' dir='ltr'><strong>deinde</strong></span> <span class='ocrx_word' id='word_1_105' title='bbox 1044 1650 1303 1698; x_wconf 90' lang='lat' dir='ltr'><strong>contendit</strong></span> <span class='ocrx_word' id='word_1_106' title='bbox 1341 1660 1565 1698; x_wconf 88' lang='lat' dir='ltr'><strong>tenorem</strong></span> <span class='ocrx_word' id='word_1_107' title='bbox 1595 1650 1745 1697; x_wconf 91' lang='lat' dir='ltr'><strong>totius</strong></span> <span class='ocrx_word' id='word_1_108' title='bbox 1771 1667 1981 1697; x_wconf 87' lang='lat' dir='ltr'><strong>scaenae</strong></span> 
     </span>
     <span class='ocr_line' id='line_1_18' title="bbox 417 1733 1979 1796; baseline 0 -16"><span class='ocrx_word' id='word_1_109' title='bbox 417 1735 498 1781; x_wconf 91' lang='lat' dir='ltr'><strong>III.</strong></span> <span class='ocrx_word' id='word_1_110' title='bbox 543 1750 568 1794; x_wconf 82' lang='lat'>3</span> <span class='ocrx_word' id='word_1_111' title='bbox 612 1734 787 1780; x_wconf 88' lang='lat' dir='ltr'><strong>melius</strong></span> <span class='ocrx_word' id='word_1_112' title='bbox 815 1734 1060 1796; x_wconf 87' lang='lat' dir='ltr'><strong>quadrare</strong></span> <span class='ocrx_word' id='word_1_113' title='bbox 1089 1734 1136 1780; x_wconf 88' lang='lat' dir='ltr'><strong>in</strong></span> <span class='ocrx_word' id='word_1_114' title='bbox 1165 1750 1370 1781; x_wconf 88' lang='lat' dir='ltr'><strong>avarum</strong></span> <span class='ocrx_word' id='word_1_115' title='bbox 1399 1733 1783 1796; x_wconf 80' lang='lat' dir='ltr'><strong>religiosumque</strong></span> <span class='ocrx_word' id='word_1_116' title='bbox 1809 1751 1979 1780; x_wconf 89' lang='lat' dir='ltr'><strong>senem</strong></span> 
     </span>
     <span class='ocr_line' id='line_1_19' title="bbox 417 1817 1979 1880; baseline 0 -17"><span class='ocrx_word' id='word_1_117' title='bbox 417 1834 563 1879; x_wconf 84' lang='lat' dir='ltr'><strong>quam</strong></span> <span class='ocrx_word' id='word_1_118' title='bbox 581 1817 628 1863; x_wconf 93' lang='lat' dir='ltr'><strong>in</strong></span> <span class='ocrx_word' id='word_1_119' title='bbox 659 1817 1029 1864; x_wconf 90' lang='lat' dir='ltr'><strong>adulescentem</strong></span> <span class='ocrx_word' id='word_1_120' title='bbox 1061 1817 1384 1880; x_wconf 87' lang='lat' dir='ltr'><strong>quantumvis</strong></span> <span class='ocrx_word' id='word_1_121' title='bbox 1412 1817 1643 1864; x_wconf 89' lang='lat' dir='ltr'><strong>rusticum</strong></span> <span class='ocrx_word' id='word_1_122' title='bbox 1668 1817 1979 1863; x_wconf 83' lang='lat' dir='ltr'><strong>Terentium-</strong></span> 
     </span>
     <span class='ocr_line' id='line_1_20' title="bbox 415 1899 1980 1962; baseline 0.001 -16"><span class='ocrx_word' id='word_1_123' title='bbox 415 1918 509 1962; x_wconf 90' lang='lat' dir='ltr'><strong>que</strong></span> <span class='ocrx_word' id='word_1_124' title='bbox 549 1900 677 1947; x_wconf 87' lang='lat' dir='ltr'><strong>hanc</strong></span> <span class='ocrx_word' id='word_1_125' title='bbox 716 1900 1045 1947; x_wconf 89' lang='lat' dir='ltr'><strong>mutationem</strong></span> <span class='ocrx_word' id='word_1_126' title='bbox 1088 1900 1361 1955; x_wconf 87' lang='lat' dir='ltr'><strong>admisisse,</strong></span> <span class='ocrx_word' id='word_1_127' title='bbox 1404 1911 1457 1947; x_wconf 93' lang='lat' dir='ltr'><strong>ut</strong></span> <span class='ocrx_word' id='word_1_128' title='bbox 1496 1899 1808 1947; x_wconf 83' lang='lat' dir='ltr'><strong>verisimilior</strong></span> <span class='ocrx_word' id='word_1_129' title='bbox 1841 1901 1980 1947; x_wconf 85' lang='lat' dir='ltr'><strong>fieret</strong></span> 
     </span>
     <span class='ocr_line' id='line_1_21' title="bbox 417 1983 993 2046; baseline 0.002 -17"><span class='ocrx_word' id='word_1_130' title='bbox 417 1983 694 2030; x_wconf 89' lang='lat' dir='ltr'><strong>Thrasonis</strong></span> <span class='ocrx_word' id='word_1_131' title='bbox 732 1983 993 2046; x_wconf 86' lang='lat' dir='ltr'><strong>zelotypia.</strong></span> 
     </span>
    </p>
   </div>
   <div class='ocr_carea' id='block_1_3' title="bbox 412 2213 1980 3044">
    <p class='ocr_par' dir='ltr' id='par_1_5' title="bbox 412 2213 1980 3044">
     <span class='ocr_line' id='line_1_22' title="bbox 563 2213 1980 2261; baseline -0.001 -10"><span class='ocrx_word' id='word_1_132' title='bbox 563 2222 598 2256; x_wconf 87' lang='grc' dir='ltr'><strong>Ι)</strong></span> <span class='ocrx_word' id='word_1_133' title='bbox 653 2213 877 2251; x_wconf 89' lang='lat' dir='ltr'><strong>Nencinius</strong></span> <span class='ocrx_word' id='word_1_134' title='bbox 916 2225 954 2261; x_wconf 88' lang='lat' dir='ltr'><strong>p.</strong></span> <span class='ocrx_word' id='word_1_135' title='bbox 987 2215 1035 2259; x_wconf 81' lang='grc'><strong>87</strong></span> <span class='ocrx_word' id='word_1_136' title='bbox 1075 2213 1178 2250; x_wconf 87' lang='lat' dir='ltr'><strong>hacc</strong></span> <span class='ocrx_word' id='word_1_137' title='bbox 1208 2213 1354 2251; x_wconf 85' lang='lat' dir='ltr'><strong>habet:</strong></span> <span class='ocrx_word' id='word_1_138' title='bbox 1395 2213 1622 2260; x_wconf 83' lang='lat' dir='ltr'><strong>„Chremes</strong></span> <span class='ocrx_word' id='word_1_139' title='bbox 1653 2213 1927 2251; x_wconf 78' lang='lat' dir='ltr'><strong>Terentianus</strong></span> <span class='ocrx_word' id='word_1_140' title='bbox 1958 2226 1980 2250; x_wconf 82' lang='lat' dir='ltr'><strong>a</strong></span> 
     </span>
     <span class='ocr_line' id='line_1_23' title="bbox 415 2278 1978 2327; baseline 0.001 -12"><span class='ocrx_word' id='word_1_141' title='bbox 415 2279 671 2316; x_wconf 85' lang='lat' dir='ltr'><strong>Menandreo</strong></span> <span class='ocrx_word' id='word_1_142' title='bbox 702 2280 789 2315; x_wconf 85' lang='lat' dir='ltr'><strong>sine</strong></span> <span class='ocrx_word' id='word_1_143' title='bbox 820 2279 899 2316; x_wconf 91' lang='lat' dir='ltr'><strong>ulla</strong></span> <span class='ocrx_word' id='word_1_144' title='bbox 931 2278 1188 2316; x_wconf 83' lang='lat' dir='ltr'><strong>dubitatione</strong></span> <span class='ocrx_word' id='word_1_145' title='bbox 1219 2278 1408 2315; x_wconf 87' lang='lat' dir='ltr'><strong>diversus</strong></span> <span class='ocrx_word' id='word_1_146' title='bbox 1439 2283 1523 2325; x_wconf 87' lang='lat' dir='ltr'><strong>est;</strong></span> <span class='ocrx_word' id='word_1_147' title='bbox 1569 2278 1699 2326; x_wconf 86' lang='lat' dir='ltr'><strong>qualis</strong></span> <span class='ocrx_word' id='word_1_148' title='bbox 1729 2280 1839 2327; x_wconf 86' lang='lat' dir='ltr'><strong>apud</strong></span> <span class='ocrx_word' id='word_1_149' title='bbox 1869 2280 1978 2316; x_wconf 79' lang='lat' dir='ltr'><strong>Men.</strong></span> 
     </span>
     <span class='ocr_line' id='line_1_24' title="bbox 414 2343 1979 2391; baseline 0 -10"><span class='ocrx_word' id='word_1_150' title='bbox 414 2343 538 2381; x_wconf 87' lang='lat' dir='ltr'><strong>fuerit</strong></span> <span class='ocrx_word' id='word_1_151' title='bbox 568 2356 649 2381; x_wconf 90' lang='lat' dir='ltr'><strong>non</strong></span> <span class='ocrx_word' id='word_1_152' title='bbox 672 2349 856 2391; x_wconf 80' lang='lat' dir='ltr'><strong>constat3</strong></span> <span class='ocrx_word' id='word_1_153' title='bbox 888 2345 974 2391; x_wconf 89' lang='lat' dir='ltr'><strong>sed,</strong></span> <span class='ocrx_word' id='word_1_154' title='bbox 999 2349 1196 2391; x_wconf 83' lang='lat' dir='ltr'><strong>quantum</strong></span> <span class='ocrx_word' id='word_1_155' title='bbox 1218 2344 1349 2381; x_wconf 89' lang='lat' dir='ltr'><strong>conici</strong></span> <span class='ocrx_word' id='word_1_156' title='bbox 1372 2349 1523 2391; x_wconf 87' lang='lat' dir='ltr'><strong>potest,</strong></span> <span class='ocrx_word' id='word_1_157' title='bbox 1545 2356 1625 2380; x_wconf 90' lang='lat' dir='ltr'><strong>non</strong></span> <span class='ocrx_word' id='word_1_158' title='bbox 1646 2344 1810 2382; x_wconf 84' lang='lat' dir='ltr'><strong>videtur</strong></span> <span class='ocrx_word' id='word_1_159' title='bbox 1831 2344 1979 2381; x_wconf 88' lang='lat' dir='ltr'><strong>stultus</strong></span> 
     </span>
     <span class='ocr_line' id='line_1_25' title="bbox 415 2409 1979 2459; baseline 0.001 -13"><span class='ocrx_word' id='word_1_160' title='bbox 415 2409 749 2446; x_wconf 86' lang='lat' dir='ltr'><strong>adulescentulus</strong></span> <span class='ocrx_word' id='word_1_161' title='bbox 788 2409 928 2446; x_wconf 87' lang='lat' dir='ltr'><strong>fuisse.</strong></span> <span class='ocrx_word' id='word_1_162' title='bbox 967 2409 1032 2446; x_wconf 78' lang='lat' dir='ltr'><strong>Ex</strong></span> <span class='ocrx_word' id='word_1_163' title='bbox 1063 2409 1237 2446; x_wconf 88' lang='lat' dir='ltr'><strong>nominis</strong></span> <span class='ocrx_word' id='word_1_164' title='bbox 1268 2409 1433 2456; x_wconf 88' lang='lat' dir='ltr'><strong>quidem</strong></span> <span class='ocrx_word' id='word_1_165' title='bbox 1463 2409 1714 2459; x_wconf 80' lang='lat' dir='ltr'><strong>etymologia</strong></span> <span class='ocrx_word' id='word_1_166' title='bbox 1744 2422 1885 2447; x_wconf 88' lang='lat' dir='ltr'><strong>senem</strong></span> <span class='ocrx_word' id='word_1_167' title='bbox 1914 2422 1979 2457; x_wconf 87' lang='lat' dir='ltr'><strong>ap.</strong></span> 
     </span>
     <span class='ocr_line' id='line_1_26' title="bbox 414 2473 1980 2524; baseline 0.001 -13"><span class='ocrx_word' id='word_1_168' title='bbox 414 2474 521 2511; x_wconf 87' lang='lat' dir='ltr'><strong>Men.</strong></span> <span class='ocrx_word' id='word_1_169' title='bbox 561 2474 688 2511; x_wconf 83' lang='lat' dir='ltr'><strong>fuisse</strong></span> <span class='ocrx_word' id='word_1_170' title='bbox 721 2474 936 2524; x_wconf 83' lang='lat' dir='ltr'><strong>colligitur.</strong></span> <span class='ocrx_word' id='word_1_171' title='bbox 991 2473 1116 2521; x_wconf 76' lang='lat' dir='ltr'><strong>Quod</strong></span> <span class='ocrx_word' id='word_1_172' title='bbox 1147 2475 1179 2510; x_wconf 87' lang='lat' dir='ltr'><strong>si</strong></span> <span class='ocrx_word' id='word_1_173' title='bbox 1211 2485 1440 2520; x_wconf 82' lang='lat' dir='ltr'><strong>censemus,</strong></span> <span class='ocrx_word' id='word_1_174' title='bbox 1472 2474 1598 2511; x_wconf 89' lang='lat' dir='ltr'><strong>multa</strong></span> <span class='ocrx_word' id='word_1_175' title='bbox 1628 2475 1848 2522; x_wconf 88' lang='lat' dir='ltr'><strong>perspicua</strong></span> <span class='ocrx_word' id='word_1_176' title='bbox 1878 2475 1980 2512; x_wconf 87' lang='lat' dir='ltr'><strong>fiunt</strong></span> 
     </span>
     <span class='ocr_line' id='line_1_27' title="bbox 414 2539 1980 2586; baseline 0.001 -10"><span class='ocrx_word' id='word_1_177' title='bbox 414 2551 519 2586; x_wconf 88' lang='lat' dir='ltr'><strong>quae</strong></span> <span class='ocrx_word' id='word_1_178' title='bbox 549 2550 657 2576; x_wconf 90' lang='lat' dir='ltr'><strong>nunc</strong></span> <span class='ocrx_word' id='word_1_179' title='bbox 688 2540 867 2577; x_wconf 85' lang='lat' dir='ltr'><strong>obscura</strong></span> <span class='ocrx_word' id='word_1_180' title='bbox 889 2544 994 2576; x_wconf 88' lang='lat' dir='ltr'><strong>sunt.</strong></span> <span class='ocrx_word' id='word_1_181' title='bbox 1041 2539 1150 2575; x_wconf 88' lang='lat' dir='ltr'><strong>Hinc</strong></span> <span class='ocrx_word' id='word_1_182' title='bbox 1173 2539 1281 2576; x_wconf 89' lang='lat' dir='ltr'><strong>enim</strong></span> <span class='ocrx_word' id='word_1_183' title='bbox 1303 2539 1536 2586; x_wconf 84' lang='lat' dir='ltr'><strong>explicatur</strong></span> <span class='ocrx_word' id='word_1_184' title='bbox 1558 2551 1630 2576; x_wconf 90' lang='lat' dir='ltr'><strong>cur</strong></span> <span class='ocrx_word' id='word_1_185' title='bbox 1651 2540 1739 2576; x_wconf 84' lang='lat' dir='ltr'><strong>eius</strong></span> <span class='ocrx_word' id='word_1_186' title='bbox 1761 2540 1980 2578; x_wconf 83' lang='lat' dir='ltr'><strong>amicitiam</strong></span> 
     </span>
     <span class='ocr_line' id='line_1_28' title="bbox 412 2604 1979 2653; baseline 0.001 -12"><span class='ocrx_word' id='word_1_187' title='bbox 412 2604 515 2641; x_wconf 90' lang='lat' dir='ltr'><strong>tanti</strong></span> <span class='ocrx_word' id='word_1_188' title='bbox 554 2604 700 2641; x_wconf 87' lang='lat' dir='ltr'><strong>fecerit</strong></span> <span class='ocrx_word' id='word_1_189' title='bbox 742 2605 941 2641; x_wconf 82' lang='lat' dir='ltr'><strong>meretrix</strong></span> <span class='ocrx_word' id='word_1_190' title='bbox 982 2605 1163 2652; x_wconf 82' lang='lat' dir='ltr'><strong>itemque</strong></span> <span class='ocrx_word' id='word_1_191' title='bbox 1206 2616 1278 2641; x_wconf 87' lang='lat' dir='ltr'><strong>cur</strong></span> <span class='ocrx_word' id='word_1_192' title='bbox 1308 2605 1417 2641; x_wconf 88' lang='lat' dir='ltr'><strong>senis</strong></span> <span class='ocrx_word' id='word_1_193' title='bbox 1448 2616 1627 2652; x_wconf 85' lang='lat' dir='ltr'><strong>persona</strong></span> <span class='ocrx_word' id='word_1_194' title='bbox 1657 2617 1802 2653; x_wconf 85' lang='lat' dir='ltr'><strong>parum</strong></span> <span class='ocrx_word' id='word_1_195' title='bbox 1832 2605 1979 2643; x_wconf 88' lang='lat' dir='ltr'><strong>idonea</strong></span> 
     </span>
     <span class='ocr_line' id='line_1_29' title="bbox 413 2669 1979 2717; baseline 0.001 -11"><span class='ocrx_word' id='word_1_196' title='bbox 413 2670 500 2706; x_wconf 87' lang='lat' dir='ltr'><strong>visa</strong></span> <span class='ocrx_word' id='word_1_197' title='bbox 530 2670 581 2707; x_wconf 90' lang='lat' dir='ltr'><strong>sit</strong></span> <span class='ocrx_word' id='word_1_198' title='bbox 611 2669 809 2706; x_wconf 88' lang='lat' dir='ltr'><strong>Terentio</strong></span> <span class='ocrx_word' id='word_1_199' title='bbox 841 2682 946 2717; x_wconf 87' lang='lat' dir='ltr'><strong>quae</strong></span> <span class='ocrx_word' id='word_1_200' title='bbox 979 2669 1092 2706; x_wconf 87' lang='lat' dir='ltr'><strong>militi</strong></span> <span class='ocrx_word' id='word_1_201' title='bbox 1114 2674 1398 2717; x_wconf 89' lang='lat' dir='ltr'><strong>opponeretur</strong></span> <span class='ocrx_word' id='word_1_202' title='bbox 1420 2670 1442 2706; x_wconf 89' lang='lat' dir='ltr'><strong>i.</strong></span> <span class='ocrx_word' id='word_1_203' title='bbox 1466 2682 1499 2706; x_wconf 89' lang='lat' dir='ltr'><strong>c.</strong></span> <span class='ocrx_word' id='word_1_204' title='bbox 1523 2682 1729 2717; x_wconf 83' lang='lat' dir='ltr'><strong>personae</strong></span> <span class='ocrx_word' id='word_1_205' title='bbox 1751 2672 1803 2708; x_wconf 91' lang='lat' dir='ltr'><strong>de</strong></span> <span class='ocrx_word' id='word_1_206' title='bbox 1826 2670 1979 2708; x_wconf 87' lang='lat' dir='ltr'><strong>Colace</strong></span> 
     </span>
     <span class='ocr_line' id='line_1_30' title="bbox 414 2735 1978 2782; baseline 0.001 -10"><span class='ocrx_word' id='word_1_207' title='bbox 414 2735 614 2781; x_wconf 83' lang='lat' dir='ltr'><strong>sublatae,</strong></span> <span class='ocrx_word' id='word_1_208' title='bbox 655 2747 828 2782; x_wconf 85' lang='lat' dir='ltr'><strong>eamque</strong></span> <span class='ocrx_word' id='word_1_209' title='bbox 870 2735 963 2771; x_wconf 88' lang='lat' dir='ltr'><strong>idco</strong></span> <span class='ocrx_word' id='word_1_210' title='bbox 1005 2740 1131 2782; x_wconf 86' lang='lat' dir='ltr'><strong>pocta</strong></span> <span class='ocrx_word' id='word_1_211' title='bbox 1170 2735 1457 2771; x_wconf 85' lang='lat' dir='ltr'><strong>immutaverit¹</strong></span> <span class='ocrx_word' id='word_1_212' title='bbox 1516 2735 1623 2772; x_wconf 84' lang='lat' dir='ltr'><strong>Tum</strong></span> <span class='ocrx_word' id='word_1_213' title='bbox 1663 2748 1809 2773; x_wconf 88' lang='lat' dir='ltr'><strong>sensus</strong></span> <span class='ocrx_word' id='word_1_214' title='bbox 1852 2736 1978 2773; x_wconf 90' lang='lat' dir='ltr'><strong>totius</strong></span> 
     </span>
     <span class='ocr_line' id='line_1_31' title="bbox 414 2799 1978 2848; baseline 0.001 -12"><span class='ocrx_word' id='word_1_215' title='bbox 414 2811 592 2837; x_wconf 83' lang='lat' dir='ltr'><strong>scaenae</strong></span> <span class='ocrx_word' id='word_1_216' title='bbox 613 2799 760 2837; x_wconf 86' lang='lat' dir='ltr'><strong>tertiae</strong></span> <span class='ocrx_word' id='word_1_217' title='bbox 783 2805 862 2837; x_wconf 87' lang='lat' dir='ltr'><strong>act.</strong></span> <span class='ocrx_word' id='word_1_218' title='bbox 884 2799 945 2846; x_wconf 90' lang='lat' dir='ltr'><strong>III,</strong></span> <span class='ocrx_word' id='word_1_219' title='bbox 982 2812 1088 2847; x_wconf 83' lang='lat' dir='ltr'><strong>quac</strong></span> <span class='ocrx_word' id='word_1_220' title='bbox 1111 2800 1163 2836; x_wconf 87' lang='lat' dir='ltr'><strong>de</strong></span> <span class='ocrx_word' id='word_1_221' title='bbox 1186 2811 1245 2848; x_wconf 78' lang='lat' dir='ltr'><strong>gr.</strong></span> <span class='ocrx_word' id='word_1_222' title='bbox 1270 2800 1371 2836; x_wconf 85' lang='lat' dir='ltr'><strong>Eun.</strong></span> <span class='ocrx_word' id='word_1_223' title='bbox 1395 2812 1539 2847; x_wconf 84' lang='lat' dir='ltr'><strong>parum</strong></span> <span class='ocrx_word' id='word_1_224' title='bbox 1561 2806 1716 2838; x_wconf 88' lang='lat' dir='ltr'><strong>mutata</strong></span> <span class='ocrx_word' id='word_1_225' title='bbox 1747 2801 1978 2838; x_wconf 84' lang='lat' dir='ltr'><strong>accessisse</strong></span> 
     </span>
     <span class='ocr_line' id='line_1_32' title="bbox 412 2865 1978 2914; baseline 0.001 -12"><span class='ocrx_word' id='word_1_226' title='bbox 412 2865 587 2911; x_wconf 86' lang='lat' dir='ltr'><strong>videtur,</strong></span> <span class='ocrx_word' id='word_1_227' title='bbox 610 2866 753 2902; x_wconf 86' lang='lat' dir='ltr'><strong>melius</strong></span> <span class='ocrx_word' id='word_1_228' title='bbox 776 2865 814 2902; x_wconf 89' lang='lat' dir='ltr'><strong>in</strong></span> <span class='ocrx_word' id='word_1_229' title='bbox 837 2877 1004 2903; x_wconf 86' lang='lat' dir='ltr'><strong>avarum</strong></span> <span class='ocrx_word' id='word_1_230' title='bbox 1027 2865 1346 2914; x_wconf 80' lang='lat' dir='ltr'><strong>religiosumque</strong></span> <span class='ocrx_word' id='word_1_231' title='bbox 1369 2878 1510 2902; x_wconf 81' lang='lat' dir='ltr'><strong>senem</strong></span> <span class='ocrx_word' id='word_1_232' title='bbox 1532 2866 1706 2913; x_wconf 82' lang='lat' dir='ltr'><strong>quadrat</strong></span> <span class='ocrx_word' id='word_1_233' title='bbox 1722 2866 1978 2903; x_wconf 87' lang='lat' dir='ltr'><strong>meretricios</strong></span> 
     </span>
     <span class='ocr_line' id='line_1_33' title="bbox 413 2930 1978 2978; baseline 0.001 -12"><span class='ocrx_word' id='word_1_234' title='bbox 413 2942 576 2967; x_wconf 87' lang='lat' dir='ltr'><strong>amores</strong></span> <span class='ocrx_word' id='word_1_235' title='bbox 616 2935 908 2977; x_wconf 84' lang='lat' dir='ltr'><strong>aspernantem</strong></span> <span class='ocrx_word' id='word_1_236' title='bbox 947 2942 1071 2977; x_wconf 85' lang='lat' dir='ltr'><strong>quam</strong></span> <span class='ocrx_word' id='word_1_237' title='bbox 1111 2930 1149 2966; x_wconf 93' lang='lat' dir='ltr'><strong>in</strong></span> <span class='ocrx_word' id='word_1_238' title='bbox 1181 2930 1536 2967; x_wconf 86' lang='lat' dir='ltr'><strong>adulescentulum</strong></span> <span class='ocrx_word' id='word_1_239' title='bbox 1567 2931 1827 2978; x_wconf 86' lang='lat' dir='ltr'><strong>quantumvis</strong></span> <span class='ocrx_word' id='word_1_240' title='bbox 1858 2931 1978 2968; x_wconf 86' lang='lat' dir='ltr'><strong>rusti-</strong></span> 
     </span>
     <span class='ocr_line' id='line_1_34' title="bbox 415 2995 1776 3044; baseline 0.001 -12"><span class='ocrx_word' id='word_1_241' title='bbox 415 3007 519 3033; x_wconf 90' lang='lat' dir='ltr'><strong>cum.</strong></span> <span class='ocrx_word' id='word_1_242' title='bbox 563 2996 778 3033; x_wconf 87' lang='lat' dir='ltr'><strong>Postremo</strong></span> <span class='ocrx_word' id='word_1_243' title='bbox 809 2995 842 3033; x_wconf 91' lang='lat' dir='ltr'><strong>si</strong></span> <span class='ocrx_word' id='word_1_244' title='bbox 871 2995 1024 3033; x_wconf 88' lang='lat' dir='ltr'><strong>Donati</strong></span> <span class='ocrx_word' id='word_1_245' title='bbox 1055 2995 1257 3033; x_wconf 86' lang='lat' dir='ltr'><strong>scholium</strong></span> <span class='ocrx_word' id='word_1_246' title='bbox 1286 2998 1477 3033; x_wconf 83' lang='lat' dir='ltr'><strong>mancum</strong></span> <span class='ocrx_word' id='word_1_247' title='bbox 1507 3000 1570 3033; x_wconf 89' lang='lat' dir='ltr'><strong>est</strong></span> <span class='ocrx_word' id='word_1_248' title='bbox 1601 3008 1636 3033; x_wconf 90' lang='lat' dir='ltr'><strong>e.</strong></span> <span class='ocrx_word' id='word_1_249' title='bbox 1658 3008 1696 3044; x_wconf 87' lang='lat' dir='ltr'><strong>q.</strong></span> <span class='ocrx_word' id='word_1_250' title='bbox 1719 2996 1776 3033; x_wconf 87' lang='lat' dir='ltr'><strong>s.’&#39;</strong></span> 
     </span>
    </p>
   </div>
  </div>
 </body>
</html>
