2221 3526
901 261 963 309 93

158 394 319 444 luisse,
362 405 410 439 ut
452 393 621 442 Thais,
664 392 709 437 111
748 390 948 436 militem
980 390 1191 438 invecta.
1224 389 1540 435 Chremetem
1571 405 1709 449 roga-

160 478 299 527 verit.
337 488 387 522 ut
414 476 504 522 sibi
533 476 743 524 adesset,
773 489 1000 534 eumque,
1030 489 1137 518 cum
1170 473 1261 517 hoc
1292 472 1537 533 pollicitus
1564 483 1708 525 esset,

159 562 245 607 sed
286 558 451 605 militis
490 558 710 604 adventu
753 555 1043 618 perterritus
1082 571 1132 600 se
1173 555 1450 601 subducere
1493 566 1710 616 cuperet,

159 641 590 690 adhortationibus
628 640 728 686 suis
769 638 1037 685 retinuerit.

305 724 413 771 Hac
464 739 644 770 scaena
695 733 894 783 peracta
945 720 1094 768 etiam
1150 720 1197 766 in
1240 719 1420 766 Colace
1461 720 1571 767 talis
1610 720 1712 773 fuit,

160 807 318 870 qualis
356 818 431 854 est
471 806 553 852 IV.
601 820 642 864 7,
685 805 732 851 in
774 821 870 867 qua
911 804 1050 850 miles
1089 803 1235 850 valde
1276 803 1477 849 ridicule
1513 804 1716 850 advenit

161 907 271 937 cum
293 890 511 936 exercitu
529 899 741 951 quatuor
763 904 1036 934 servorum.
1061 885 1231 947 Copiis
1247 885 1498 932 instructis
1513 896 1717 948 tutoque

161 973 270 1020 loco
310 973 399 1019 sibi
439 973 597 1022 electo
638 988 736 1017 non
777 971 940 1017 statim
984 970 1192 1016 Thaidis
1219 970 1422 1016 domum
1450 985 1718 1031 aggressus

163 1068 252 1110 est,
288 1057 374 1103 sed
408 1073 518 1103 cum
554 1072 612 1102 ea
644 1054 746 1115 egit
786 1055 847 1100 de
872 1053 1130 1114 Pamphila
1153 1053 1422 1099 reddenda.
1477 1053 1716 1099 Attamen

164 1157 191 1186 a
231 1139 486 1186 meretrice
526 1151 574 1185 et
613 1138 726 1185 dein
762 1153 957 1199 quoque
985 1154 1014 1183 a
1041 1136 1308 1183 Chremete
1337 1135 1463 1182 male
1489 1147 1721 1197 acceptus

166 1223 437 1270 Gnathone
475 1233 676 1269 auctore
715 1220 952 1267 discessit.
1011 1219 1127 1265 Veri
1167 1218 1324 1266 simile
1364 1219 1482 1265 mihi
1523 1219 1722 1266 videtur

167 1305 458 1353 Terentium
501 1305 547 1351 in
578 1305 668 1351 hac
696 1320 875 1351 scaena
904 1320 1003 1359 non
1033 1302 1187 1349 multa
1217 1313 1448 1349 mutasse.
1482 1302 1723 1349 Videmus

167 1405 262 1436 vss.
283 1390 559 1449 805-—808
589 1388 633 1434 ei
661 1387 953 1434 tribuendos
979 1402 1113 1439 esse;
1145 1386 1240 1432 iam
1266 1386 1553 1432 BOETTIGER
1575 1386 1720 1447 Spec.

166 1472 282 1518 edit.
338 1472 453 1518 Ter.
510 1489 554 1533 p.
613 1474 709 1530 264
762 1468 1116 1516 animadvertit
1162 1469 1209 1514 in
1252 1469 1518 1515 Menandri
1558 1468 1724 1515 fabula

170 1555 344 1617 Pyrrhi
396 1554 699 1600 mentionem
751 1553 854 1599 fieri
908 1569 1006 1599 non
1054 1551 1274 1613 potuisse
1315 1552 1478 1614 ibique
1517 1552 1724 1598 fortasse

169 1638 512 1685 Alexandrum
554 1647 881 1683 memoratum
921 1635 1082 1682 fuisse.
1129 1635 1164 1698 Ι)

313 1722 388 1767 Ex
427 1721 498 1774 iis,
540 1737 667 1782 quae
706 1729 981 1782 sequuntur
1019 1718 1212 1765 scaenis
1251 1728 1444 1764 tantum
1487 1718 1531 1764 V
1564 1733 1587 1778 7
1620 1728 1669 1765 et
1698 1722 1725 1764 8

169 1806 232 1853 ad
272 1803 504 1851 Colacem
545 1804 833 1850 referendae
873 1813 1000 1855 sunt,
1042 1803 1129 1848 sed
1169 1818 1268 1847 11011
1304 1801 1468 1848 statim
1499 1812 1611 1863 post
1641 1802 1725 1849 IV.

175 1904 199 1948 7
241 1888 322 1948 agi
370 1897 651 1949 potuerunt.
723 1885 1016 1932 Phaedriam
1057 1885 1189 1931 enim
1230 1884 1396 1931 omnia
1435 1901 1561 1947 quae
1601 1885 1729 1932 facta

171 1981 352 2025 essent,
393 1970 515 2017 scire
555 1969 788 2031 oportuit.
834 1969 979 2015 Hanc
1019 1968 1083 2014 ob
1119 1984 1221 2014 rem
1250 1968 1473 2029 suspicor
1502 1979 1615 2029 post
1643 1969 1727 2015 IV.

177 2068 201 2114 7
257 2052 550 2100 Phaedriam
600 2069 710 2098 cum
765 2052 1091 2106 Parmenone,
1145 2050 1225 2097 vel
1284 2067 1373 2096 sua
1424 2061 1604 2112 sponte
1652 2050 1731 2097 vel

173 2155 201 2184 a
241 2137 521 2190 Chremete‚
563 2136 644 2198 qui
686 2135 837 2182 milite
879 2134 1022 2196 pulso
1056 2134 1272 2187 abiisset,
1303 2134 1594 2180 arcessitum
1622 2151 1732 2195 pro-

174 2221 336 2273 diisse,
379 2230 430 2266 ut
470 2218 718 2266 Thaidem
759 2218 1065 2264 conveniret.
1106 2218 1248 2280 Quae
1277 2227 1538 2280 postquam
1567 2218 1734 2263 omnia

176 2302 396 2350 narravit
433 2318 644 2364 eumque
683 2301 842 2348 solum
882 2318 911 2347 a
949 2318 1002 2348 se
1041 2301 1089 2347 in
1131 2311 1389 2362 posterum
1428 2310 1644 2347 amatum
1680 2300 1735 2347 iri

175 2385 416 2449 promisit,
457 2386 656 2432 domum
697 2385 1026 2432 intraverunt.

320 2469 533 2524 Deinde,
563 2468 747 2530 pariter
774 2479 920 2530 atque
949 2468 996 2514 in
1027 2477 1196 2514 nostra
1225 2466 1389 2514 fabula
1418 2467 1479 2514 V.
1514 2481 1557 2526 7.
1591 2482 1735 2527 1—5,

179 2552 376 2599 Thraso
427 2568 535 2597 cum
589 2551 860 2598 Gnathone
913 2550 1112 2612 prodire
1165 2549 1341 2611 potuit,
1397 2559 1450 2596 ut
1496 2549 1738 2596 meretrici

179 2652 230 2681 se
281 2635 501 2688 dederet,
555 2651 651 2696 qua
699 2635 763 2680 de
815 2650 866 2679 re
918 2633 966 2679 in
1019 2633 1213 2679 Graeca
1264 2633 1474 2679 fortasse
1515 2632 1739 2693 pluribus

180 2718 346 2764 verbis
397 2734 505 2763 cum
558 2716 774 2778 parasito
826 2715 1135 2769 deliberavit,
1192 2716 1310 2762 dum
1358 2715 1651 2761 Phaedriam
1691 2726 1741 2761 et

182 2803 544 2848 Parmenonem
598 2799 809 2846 Thaidis
860 2800 1009 2845 domo
1053 2799 1188 2845 exire
1227 2798 1406 2845 videns
1444 2797 1742 2844 exclamavit

330 2981 365 3033 Ι)
424 2981 484 3019 Cf.
515 2981 714 3018 Braunius
743 2992 782 3028 p.
818 2988 878 3026 37,
910 2980 1135 3017 Nencinius
1165 2992 1204 3027 p.
1241 2989 1312 3025 104
1340 2984 1423 3016 not.
