2221 3526
1202 265 1266 322 84

454 425 599 471 quarn
640 407 703 453 ob
744 424 845 454 rem
887 422 1018 466 nego
1052 404 1145 451 hoc
1175 403 1398 450 Terentii
1426 418 1534 448 esse
1561 412 1610 448 et
1637 401 1771 462 apud
1801 399 2008 446 Menan-

454 493 596 538 drum
626 491 988 537 Parmenonem
1016 498 1128 550 post
1156 487 1217 534 V.
1246 490 1274 532 6
1303 485 1538 548 pavidum
1566 486 1768 531 domum
1800 483 2009 529 intrasse

456 591 546 621 nec
586 584 716 620 metu
756 572 1017 619 liberatum
1057 586 1179 617 esse.
1222 569 1304 615 An
1334 579 1478 630 putas
1507 567 1800 614 Terentium
1829 565 1921 612 hac
1960 566 2009 612 in

456 674 507 703 re
546 655 829 718 exemplum
869 672 1008 701 suum
1049 651 1342 714 superasse?

599 740 704 786 Nec
726 738 994 801 quidquam
1018 735 1255 783 momenti
1277 735 1418 781 affert
1442 733 1729 787 Nencinius,
1760 743 1812 778 ut
1834 731 2011 793 probet

457 822 749 869 Terentium
791 821 1153 866 Parmenonem
1193 819 1254 864 de
1293 834 1382 863 suo
1410 816 1674 863 addidisse.
1718 816 1847 861 Nam
1883 831 2011 876 quae

456 905 674 967 disputat
730 920 777 965 p.
821 918 884 962 99
943 912 1115 948 contra
1174 899 1498 946 Teuffelium:
1560 899 1658 954 „At
1708 898 1839 944 enim
1892 896 2012 943 nihil

464 1003 666 1042 „causae
705 995 794 1039 est,
836 1001 919 1031 cur
959 983 1185 1030 Chaerea
1222 993 1271 1029 et
1310 983 1371 1028 de
1410 981 1573 1027 fratris
1600 981 1674 1027 sui
1702 981 1849 1026 rebus
1876 990 1925 1026 et
1951 979 2013 1025 de

464 1068 748 1125 „meretrice
787 1067 976 1114 locutus
1016 1066 1148 1127 apud
1189 1066 1324 1111 Men.
1364 1064 1697 1118 existimetur;
1735 1079 1849 1109 nam
1878 1062 2013 1124 quod

465 1153 738 1207 „Parmeno
789 1150 953 1197 statim
1001 1148 1295 1195 Phaedriam
1335 1157 1673 1193 conventurus
1712 1146 1910 1192 festinat
1950 1144 2011 1192 V.

464 1239 539 1291 „bl
590 1251 664 1289 12,
705 1233 780 1280 cui
818 1243 961 1294 gesta
1000 1231 1166 1278 omnia
1205 1240 1371 1277 narret
1411 1230 1472 1276 V.
1498 1232 1542 1276 8.
1576 1244 1649 1288 19,
1692 1229 1786 1274 hoc
1825 1227 2013 1274 Teren-

465 1319 681 1374 „tianum
735 1317 1009 1379 putandum
1061 1313 1186 1369 est'',
1236 1313 1369 1360 nullo
1408 1313 1736 1359 fundamento
1776 1311 2012 1358 nituntur.

604 1401 671 1447 Ut
709 1399 858 1461 igitur
897 1399 992 1445 iam
1033 1414 1275 1444 summam
1316 1395 1488 1442 faciam
1529 1412 1716 1449 eorum,
1759 1410 1886 1457 quae
1920 1393 2013 1440 dis—

459 1483 646 1545 putavi,
701 1481 872 1544 negari
924 1498 1022 1527 non
1070 1497 1215 1542 posse
1257 1479 1372 1525 mihi
1414 1478 1610 1525 videtur
1651 1478 2013 1524 Parmenonem

459 1568 592 1628 apud
632 1566 964 1612 Menandrum
1006 1564 1053 1610 in
1095 1564 1186 1610 hac
1225 1579 1424 1625 quoque
1464 1578 1644 1608 scaena
1684 1560 1940 1623 prodiisse.

604 1649 794 1695 Eodem
828 1647 975 1708 igitur
1015 1647 1164 1692 modo
1204 1645 1251 1691 in
1293 1645 1487 1692 Graeca
1526 1661 1629 1690 rem
1669 1654 1830 1691 actam
1871 1653 2016 1705 putes

458 1742 607 1794 atque
647 1732 694 1778 in
737 1731 929 1785 Latina,
966 1747 1064 1776 vss,
1104 1743 1462 1789 1031—1052.
1503 1728 1539 1791 Ι)
1581 1726 1806 1773 Chaerea
1834 1726 2016 1788 prodiit

457 1825 506 1862 et
555 1815 917 1862 Parmenonem
957 1812 1209 1859 laudatum
1250 1811 1510 1858 certiorem
1551 1810 1663 1856 fecit
1704 1808 2014 1871 Pamphilam

457 1898 548 1945 sibi
587 1914 820 1960 sponsam
861 1913 968 1944 esse
1007 1908 1056 1942 et
1091 1896 1338 1942 Thaidem
1367 1905 1522 1941 totam
1550 1894 1654 1941 fore
1684 1893 1859 1940 fratris.
1903 1893 2015 1956 Quo

456 1981 623 2028 audito
658 1981 902 2027 Parmeno
930 1989 1235 2041 spectatores
1265 1977 1454 2024 monuit
1485 1976 1687 2023 militem
1716 1993 1744 2023 a
1772 1976 2016 2023 Phaedria

456 2065 638 2111 victum
685 2062 936 2110 exclusum
977 2063 1048 2109 iri.
1092 2063 1238 2125 Quod
1281 2061 1516 2123 quoniam
1558 2059 1852 2106 Phaedriam
1892 2059 2015 2106 scire

455 2147 687 2208 oportuit,
741 2147 869 2193 idem
924 2147 1126 2192 domum
1180 2145 1345 2191 visere
1399 2143 1654 2190 constituit
1704 2153 1753 2189 et
1809 2143 2016 2190 fortasse

455 2248 563 2277 cum
603 2230 920 2277 adulescente
960 2229 1093 2276 domi
1139 2229 1328 2274 offenso
1369 2228 1415 2274 in
1457 2244 1687 2274 scaenam
1728 2227 1885 2281 rediit,
1933 2228 2016 2274 ubi

601 2473 635 2519 1)
691 2471 731 2508 Si
771 2471 874 2508 haec
914 2472 951 2508 in
991 2471 1128 2508 fabula
1159 2471 1318 2508 Graeca
1350 2471 1400 2507 ad
1434 2482 1555 2507 unam
1586 2482 1778 2507 scaenam
1808 2471 2016 2518 pertinue-

453 2542 559 2581 runt,
580 2537 757 2574 fortasse
782 2537 835 2573 ita
857 2537 1055 2584 explicari
1080 2541 1231 2584 potest,
1251 2548 1379 2583 quare
1397 2537 1434 2572 in
1454 2536 1539 2572 aliis
1560 2536 1771 2572 codicibus
1793 2536 2016 2574 Phaedriae

455 2614 603 2638 nomen
642 2601 895 2649 inscriptioni
935 2614 1112 2639 scaenae
1152 2602 1198 2639 V.
1242 2602 1262 2638 S
1304 2602 1492 2647 addatur,
1523 2602 1561 2638 in
1593 2601 1677 2638 aliis
1709 2614 1744 2638 v.
1784 2611 1882 2648 1049
1911 2614 2016 2639 nova

455 2679 606 2704 scaena
648 2667 815 2714 incipiat
858 2668 1084 2715 (Dziatzko,
1129 2667 1223 2704 Ter.
1267 2667 1381 2704 Com.
1425 2667 1528 2703 Adn.
1570 2667 1656 2703 crit.
1698 2679 1735 2714 p.
1777 2667 1943 2712 XXIX),
1973 2673 2016 2704 ut

455 2744 674 2778 sumamus,
719 2732 958 2769 Terentium
1002 2733 1217 2780 exemplar
1263 2731 1467 2769 Graecum
1514 2738 1703 2769 secutum
1755 2733 1889 2769 omnia
1938 2744 2016 2769 una

456 2809 606 2834 scaena
645 2798 856 2835 continere
896 2798 1088 2843 voluisse,
1129 2803 1276 2845 postea
1315 2809 1412 2834 vero
1444 2798 1651 2845 quendam
1683 2799 1844 2834 nomina
1874 2810 2016 2845 super-

456 2863 700 2910 scripturum
732 2868 903 2911 propter
932 2863 1155 2900 Phaedriae
1187 2864 1409 2901 adventurn
1440 2875 1476 2899 v.
1518 2872 1616 2909 1049
1645 2875 1793 2900 novam
1824 2874 2017 2900 scaenam

456 2928 636 2975 incipere
666 2934 798 2965 ratum
820 2941 924 2965 esse.
964 2929 1138 2965 Facilius
1161 2929 1247 2966 fieri
1279 2929 1465 2976 potuisse
1491 2928 1584 2964 mihi
1607 2929 1779 2973 videtur,
1801 2933 1846 2964 ut
1866 2940 1921 2964 ex
1938 2941 2016 2965 una

456 3004 605 3030 scaena
635 2993 740 3030 duae
771 2994 905 3031 factae
937 2994 1027 3039 sint,
1059 3006 1180 3041 quam
1211 3006 1232 3031 e
1269 2994 1428 3031 duabus
1459 3006 1550 3030 una.
