2221 3526
901 284 953 328 51

154 411 280 458 Ν3111
334 412 379 457 in
431 428 489 457 ea
540 426 719 456 scaena
771 409 928 456 Thais
979 408 1314 463 Chremetem,
1363 426 1509 472 quem
1550 408 1612 456 ad
1652 427 1702 457 se

149 494 436 542 arcessitum
490 494 887 553 interrogaverat
926 493 988 539 de
1027 508 1196 538 sorore
1234 502 1383 539 antea
1421 491 1561 539 Sunii
1601 511 1702 539 sur-

151 589 304 639 repta,
346 576 521 624 iterum
562 576 817 622 arcessivit
855 575 1013 639 (528),
1056 585 1108 621 ut
1146 574 1406 621 certiorem
1440 575 1623 623 faceret
1650 594 1702 622 se

147 660 191 706 ei
230 676 448 705 sororem
491 658 748 705 restituere
776 675 937 720 posse.
970 658 1082 704 Hoc
1110 675 1172 705 ne
1198 658 1476 720 suspicatus
1503 658 1704 721 quidem

148 743 389 789 Chremes
439 743 572 804 apud
625 741 873 789 Thaidem
925 741 1078 796 venit,
1132 742 1219 788 sed
1258 759 1368 788 cum
1410 742 1532 789 haec
1570 742 1705 788 domi

148 843 247 872 non
299 825 360 872 sit
411 836 460 872 et
510 824 804 872 adulescens
855 841 945 871 1166
991 824 1151 871 redire
1192 841 1282 871 nec
1322 841 1523 872 manere
1562 824 1698 879 velit,

146 908 407 955 deducitur
445 909 508 955 ad
549 907 769 956 militem.

289 990 545 1045 Chremesi
598 990 681 1054 qui
733 990 781 1037 in
834 990 926 1037 hac
976 1007 1156 1038 scaena
1207 989 1387 1052 prodit,
1428 990 1706 1052 suspicatur

147 1073 395 1121 Thaidem
435 1074 525 1121 sibi
567 1073 785 1121 insidiari
826 1073 963 1138 (515,
1004 1074 1147 1137 532);
1179 1074 1352 1120 metuit
1380 1090 1442 1120 ne
1470 1073 1703 1120 meretrix

146 1156 330 1220 aliquid
370 1156 489 1204 lucri
528 1174 556 1204 a
595 1174 647 1204 se
686 1158 846 1204 facere
886 1156 1028 1221 (520)
1068 1167 1154 1204 aut
1191 1173 1242 1203 se
1283 1156 1436 1219 ipsius
1481 1174 1702 1204 sororem

145 1257 254 1288 esse
304 1240 499 1288 mentiri
552 1240 672 1288 velit
723 1241 845 1305 (524
897 1240 1042 1304 sqq.).
1097 1240 1198 1287 Cur
1248 1240 1291 1287 ei
1344 1240 1553 1288 molesta
1597 1240 1706 1288 est?

148 1324 248 1370 Iam
288 1323 363 1370 bis
401 1325 464 1371 ad
503 1341 612 1372 eam
653 1323 805 1379 venit,
848 1335 1000 1386 negat
1031 1341 1084 1371 se
1113 1323 1259 1372 tertio
1286 1334 1551 1371 venturum
1578 1341 1702 1372 esse.

148 1407 408 1470 Quatenus
470 1407 620 1469 igitur
682 1425 743 1454 ex
805 1424 986 1455 scaena
1047 1407 1278 1455 breviore
1329 1408 1523 1454 efficere
1574 1407 1702 1463 licet,

146 1490 439 1538 adulescens
477 1503 552 1538 est
589 1490 889 1553 suspiciosus
915 1492 1302 1553 quodammodo,
1331 1491 1414 1554 qui
1440 1490 1706 1553 diligenter

146 1584 285 1621 curat
323 1591 426 1621 rem
466 1591 605 1621 suam
646 1591 808 1637 neque
841 1574 976 1636 cupit
1004 1573 1095 1620 sibi
1125 1574 1381 1636 negotium
1409 1591 1520 1621 cum
1550 1591 1703 1621 mere-

146 1656 265 1704 trice
315 1674 439 1706 esse.
494 1657 684 1722 Quodsi
736 1668 994 1720 praeterea
1039 1657 1349 1720 reputaveris
1387 1674 1501 1704 eum
1540 1657 1704 1704 dicere

146 1741 288 1805 (519)
328 1740 420 1788 sibi
459 1740 599 1788 Sunii
640 1758 721 1788 rus
760 1758 867 1788 esse
906 1751 956 1788 et
993 1740 1136 1806 (533)
1169 1758 1222 1788 se
1250 1758 1333 1787 rus
1359 1740 1429 1788 ire
1454 1751 1504 1788 et
1534 1741 1701 1788 Dona-

145 1834 250 1870 tum
290 1825 353 1871 ad
392 1825 472 1871 ΙΙΙ.
517 1841 561 1885 3.
607 1838 686 1885 25,
733 1828 793 1871 26
826 1825 862 1888 1)
901 1823 1007 1871 eius
1047 1824 1370 1871 rusticitatem
1403 1822 1701 1886 significare,

147 1925 246 1954 non
300 1907 522 1970 negabiS,
576 1907 768 1970 opinor,
823 1907 954 1954 hunc
1000 1907 1319 1954 Chremetem
1358 1924 1466 1954 esse
1507 1906 1704 1954 adules-

145 2000 339 2037 centem
391 1990 643 2046 rusticum,
696 2007 916 2053 parcum,
962 1991 1108 2038 bonis
1146 1990 1367 2038 moribus
1405 1989 1700 2053 praeditum.

288 2073 480 2121 Omnes
517 2092 565 2121 v.
607 2075 655 2122 d.
696 2074 1016 2122 consentiunt
1054 2073 1484 2136 oppugnationem
1524 2075 1703 2121 domus

147 2157 358 2204 Thaidis
396 2158 481 2205 IV.
527 2172 551 2217 7
593 2174 621 2204 e
662 2157 842 2204 Colace
876 2158 1190 2219 desumptam
1219 2174 1342 2205 esse.
1385 2157 1440 2204 In
1468 2175 1527 2205 ea
1554 2157 1703 2219 igitur

145 2240 311 2288 fabula
361 2241 496 2288 iuxta
548 2240 794 2287 Thaidem
841 2241 990 2287 etiam
1031 2241 1213 2302 prodiit
1251 2240 1559 2288 adulescens,
1601 2241 1703 2288 Sed

147 2324 269 2370 haec
319 2324 599 2371 Chremetis
650 2341 864 2386 persona
904 2354 969 2357 —
1010 2324 1127 2387 quia
1180 2325 1449 2371 Terentius
1501 2324 1703 2371 nomina

147 2408 372 2463 mutavit,
413 2408 593 2455 frustra
632 2407 853 2471 inquiras
891 2407 1102 2454 fueritne
1144 2408 1257 2454 huic
1290 2425 1535 2470 personae
1568 2409 1702 2470 apud

146 2491 481 2538 Menandrum
522 2491 652 2538 idem
688 2508 870 2537 nomen
898 2508 955 2538 ac
982 2508 1227 2553 personae
1256 2491 1485 2538 Eunuchi
1513 2521 1579 2525 ——
1606 2490 1701 2539 alia

293 2678 328 2728 1)
384 2678 570 2716 Donatus
600 2679 651 2715 ad
680 2677 742 2716 ΙΙΙ.
767 2688 800 2725 3.
823 2686 893 2726 25:
934 2678 1050 2728 „Ego
1080 2690 1171 2716 sum
1201 2678 1419 2716 Chremes:
1450 2679 1544 2717 vide
1573 2690 1700 2726 quan-

143 2749 229 2782 tum
266 2744 393 2781 distet
431 2755 480 2780 ac
518 2743 629 2781 varia
667 2744 717 2780 sit
755 2743 873 2781 huius
911 2744 1118 2781 rusticitas
1158 2755 1264 2793 „ego
1303 2756 1392 2781 sum
1422 2743 1647 2782 Chremes''
1677 2756 1700 2781 a

144 2809 279 2847 faceta
317 2809 545 2846 meretricis
583 2809 797 2856 disciplina
836 2839 858 2855 ,‚
899 2821 923 2846 o
964 2809 1186 2857 capitulum
1223 2808 1566 2856 lepidissimum”;
1608 2821 1700 2847 nam

144 2875 342 2912 rusticum
372 2886 466 2911 esse
497 2873 634 2910 statim
664 2875 794 2923 magis
825 2874 1052 2921 apparebit,
1084 2874 1152 2911 ubi
1182 2874 1333 2911 dixerit
1364 2887 1458 2920 „rus
1489 2873 1579 2912 eo'’.

286 2939 398 2976 Idem
429 2939 479 2976 ad
509 2951 545 2976 v.
568 2939 638 2975 26:
670 2938 798 2985 „Dico
824 2950 904 2988 ego
933 2940 1027 2976 mihi
1050 2939 1216 2976 insidias
1238 2939 1347 2976 fieri:
1378 2940 1699 2977 blandimentum

144 3005 322 3042 rusticus
351 3004 518 3041 insidias
547 3004 703 3051 putat”.
