2221 3526
963 1099 1247 1147 CAPUT
1301 1100 1425 1147 VII.

774 1371 855 1407 DE
895 1371 1244 1408 MENANDRI
1284 1371 1618 1409 EUNUCHO.

560 1617 636 1671 Iis,
678 1634 803 1678 quae
842 1616 904 1662 de
939 1615 1164 1676 personis
1192 1613 1399 1676 singulis
1428 1614 1678 1660 monenda
1703 1624 1860 1668 erant,
1891 1613 1973 1659 ab-

418 1699 604 1754 solutis,
634 1699 730 1746 iam
759 1699 1030 1745 videndum
1058 1708 1133 1744 est
1160 1699 1221 1744 de
1251 1697 1500 1758 utriusque
1527 1696 1722 1743 fabulae
1751 1697 1974 1743 Graecae

417 1783 591 1829 ordine
646 1792 695 1828 et
748 1799 891 1836 nexu,
946 1782 993 1828 in
1047 1798 1144 1843 quo
1195 1780 1481 1827 adhibenda
1532 1790 1646 1826 sunt
1695 1780 1976 1841 fragmenta

419 1866 627 1913 Graeca.
687 1865 881 1911 Initium
921 1864 1097 1911 faciam
1137 1881 1166 1910 a
1206 1863 1472 1911 Menandri
1514 1862 1771 1910 Eunucho.

560 1949 721 2010 Supra
759 1947 953 1994 ostendi
995 1946 1177 1994 nullam
1219 1964 1326 1993 esse
1366 1963 1579 2000 causam,
1615 1962 1700 1992 cur
1726 1962 1976 1992 sumamus

420 2031 638 2078 Persium
668 2048 836 2093 presse
864 2040 1084 2077 secutum
1112 2047 1220 2076 esse
1250 2029 1515 2076 Menandri
1542 2028 1739 2075 fabulae
1767 2028 1973 2081 initium,

420 2115 711 2162 Terentium
750 2131 871 2161 vero
910 2124 1117 2160 eatenus
1155 2113 1218 2159 ab
1257 2130 1316 2159 eo
1344 2112 1641 2166 discessisse,
1672 2122 1724 2158 ut
1752 2112 1975 2158 Graecae

418 2198 612 2246 fabulae
651 2198 909 2244 exordium
938 2197 985 2243 in
1015 2197 1214 2243 brevius
1242 2196 1476 2257 coegerit.
1526 2195 1801 2242 Phaedriae
1830 2195 1976 2257 igitur

418 2281 603 2328 exclusi
643 2298 751 2327 cum
795 2281 1105 2326 Parmenone
1137 2280 1174 2343 Ι)
1202 2278 1510 2333 deliberatio,
1542 2288 1704 2324 utrum
1732 2279 1795 2325 ad
1825 2278 1974 2324 Thai-

419 2366 531 2412 dem
561 2365 732 2411 redeat
760 2381 930 2419 necne,
960 2363 1221 2409 immutata
1247 2380 1273 2409 e
1303 2363 1497 2408 Graeco
1524 2360 1795 2423 exemplari
1818 2361 1973 2408 fluxit.

420 2449 503 2494 Ad
532 2449 565 2495 I.
592 2464 630 2494 Ι.
657 2464 671 2493 1
710 2448 937 2493 Donatus
965 2456 1322 2492 commemorat
1346 2445 1501 2491 verba
1523 2445 1715 2491 Graeca
1737 2445 1811 2508 (fr.
1845 2444 1974 2508 186):

420 2526 533 2578 α’λλᾶ
572 2533 616 2576 τί
649 2528 831 2585 maio-om
860 2529 901 2593 2)
959 2530 1022 2576 acl
1061 2529 1279 2575 eiusdem
1319 2545 1528 2575 scaenae
1568 2546 1615 2574 V.
1661 2544 1717 2588 31
1765 2528 1975 2574 referen-

420 2615 537 2661 dum
576 2623 652 2660 est
689 2613 745 2659 fr.
795 2615 917 2672 187:

568 2766 602 2814 Ι)
657 2765 720 2801 De
750 2763 980 2801 nominibus
1010 2763 1177 2800 mutatis
1208 2763 1258 2800 cs.
1286 2775 1323 2810 p.
1349 2770 1381 2809 7.
1423 2762 1528 2810 Quia
1558 2774 1639 2799 non
1660 2762 1795 2799 omnia
1816 2762 1976 2798 nomina

422 2832 580 2868 Graeca
610 2830 728 2867 nobis
758 2833 855 2866 nota
886 2833 991 2875 sunt,
1022 2833 1189 2865 nostrae
1220 2828 1382 2865 fabulae
1414 2827 1644 2865 nominibus
1674 2832 1777 2864 utar.

566 2919 605 2967 2)
661 2917 891 2955 Meinekius
935 2917 1085 2954 adiecit
1127 2917 1274 2954 verba:
1324 2918 1394 2965 7,μὴ
1435 2917 1615 2966 προσέλὲω
1654 2915 1740 2964 μηδὲ
1778 2921 1845 2961 νὺν,
1877 2917 1977 2955 αὐτῆς

421 2983 629 3030 κα)ιούσης;”
660 2982 809 3020 deinde
840 2982 1044 3020 Kockius:
1076 2984 1341 3030 ,,χὶκετευούσης
1372 2981 1476 3029 ἐμέ;”
