2221 3526
1156 272 1215 303 IO

403 393 552 447 tiana,
593 411 803 455 quorum
844 397 1045 442 tandem
1086 397 1168 443 diu
1208 398 1540 445 desideratam
1582 399 1823 446 habemus
1857 401 1957 447 edi-

403 475 588 522 tionem
629 477 873 523 criticam:

546 559 597 605 P.
640 559 902 606 WEsSNER.
964 561 1076 607 Aeli
1120 563 1305 609 Donati
1346 565 1480 625 quod
1519 564 1670 610 fertur
1710 582 1956 612 commen-

614 652 717 688 tum
759 642 980 689 Terenti.
1043 644 1153 690 Vol.
1198 646 1231 692 Ι.
1287 646 1483 707 Lipsiae
1532 662 1676 706 1902.

547 724 624 770 De
667 725 869 771 Donato
908 725 1138 773 adhibui:

546 807 605 852 R.
635 807 923 853 SABBADINI.
967 808 1002 854 Il
1031 820 1314 856 commento
1342 811 1389 857 di
1421 812 1622 858 Donato
1645 830 1672 859 a
1696 813 1954 860 TerenziO.

615 889 820 935 Firenze
851 892 996 950 1893.
1026 891 1170 937 Studi
1194 892 1379 939 italiani
1402 893 1451 939 di
1474 893 1718 956 Filologia
1739 895 1954 943 classica.

615 971 726 1018 Vol.
770 972 826 1018 Il.

542 1054 610 1100 ID.
690 1053 771 1100 Gli
822 1054 959 1100 scolii
1014 1055 1286 1102 Donatiani
1332 1058 1376 1104 ai
1417 1059 1513 1104 due
1553 1059 1710 1120 prime
1750 1061 1837 1107 atti
1877 1061 1955 1107 del

613 1137 822 1183 Eunuco
861 1137 909 1184 di
951 1138 1211 1186 Terenzio.
1267 1140 1475 1187 Firenze
1512 1145 1655 1201 1894.
1696 1143 1840 1189 Studi
1869 1143 1954 1191 ita-

612 1219 727 1266 liani
766 1220 814 1266 di
856 1220 1100 1283 Filologia
1139 1222 1356 1270 classica.
1418 1224 1529 1271 Vol.
1574 1226 1652 1272 ΙΙΙ.

534 1303 575 1364 J.
611 1303 652 1364 J.
700 1303 976 1350 HARTMAN.
1046 1305 1123 1351 De
1177 1305 1417 1352 Terentio
1469 1318 1518 1354 et
1572 1308 1774 1355 Donato
1827 1326 1956 1355 com-

611 1386 865 1433 mentatio.
928 1387 1162 1449 Lugduni
1204 1389 1506 1436 Batavorum
1556 1393 1700 1451 1895.

541 1468 606 1515 H.
638 1468 698 1514 T.
725 1469 981 1516 KARsTEN.
1032 1471 1110 1517 De
1137 1471 1336 1518 scholiis
1363 1472 1660 1534 quibusdam
1687 1474 1873 1521 Donati
1894 1475 1957 1521 ad

612 1552 921 1599 Terentium.
983 1554 1218 1615 Lugduni
1261 1556 1563 1602 Batavorum
1613 1572 1757 1615 1901.
1813 1558 1957 1604 Com-

611 1635 943 1682 mentationes
983 1637 1029 1683 in
1073 1637 1313 1684 honorem
1349 1639 1389 1700 J.
1433 1639 1488 1685 C.
1532 1640 1592 1686 G.
1637 1640 1811 1687 Bootii.

542 1717 638 1763 Hic
677 1720 981 1765 monendum
1022 1731 1096 1766 est
1130 1721 1177 1766 in
1206 1721 1384 1767 fabulis
1411 1723 1760 1770 contaminatis
1790 1724 1957 1770 Dona-

397 1810 499 1845 tum
554 1801 703 1847 modo
755 1802 1028 1863 inspexisse
1074 1804 1329 1866 exemplar
1369 1805 1656 1866 primarium
1698 1807 1775 1870 (cf.
1819 1807 1954 1854 Ihne.

398 1883 602 1945 Quaest.
657 1884 773 1931 Ter.
828 1902 875 1946 p.
938 1887 1016 1949 13)
1053 1886 1088 1949 Ι)
1134 1897 1183 1933 et
1228 1888 1422 1949 quoties
1462 1889 1509 1934 in
1550 1889 1749 1935 scholiis
1789 1889 1957 1936 laudat

397 1965 651 2027 ingenium
700 1967 940 2023 Terentii,
983 1986 1081 2015 non
1124 1970 1269 2016 huius
1307 1970 1478 2033 vulgo,
1520 1973 1607 2018 sed
1648 1973 1955 2019 Graecorum

396 2059 652 2095 auctorum
695 2050 900 2098 inventa
939 2052 1147 2098 inscium
1182 2053 1245 2098 ob
1274 2053 1444 2100 oculos
1473 2054 1656 2101 habere
1684 2055 1761 2119 (cf.
1795 2056 1859 2102 H.
1893 2056 1953 2102 T.

399 2132 632 2179 Karsten.
692 2133 884 2180 Comm.
927 2152 973 2196 p.
1020 2136 1154 2200 205).

541 2216 737 2263 Deinde
779 2235 894 2263 usus
932 2235 1056 2265 sum.

538 2299 618 2345 W.
662 2300 727 2347 H.
771 2301 1033 2348 GRAUERT.
1097 2302 1408 2349 Historische
1451 2305 1553 2350 und
1593 2304 1956 2366 philologische

608 2382 911 2430 Analekten.
973 2384 1201 2431 Munster
1249 2388 1392 2445 1833.

537 2465 618 2511 W.
650 2466 789 2512 [nm.
839 2467 1171 2530 Quaestiones
1200 2468 1536 2515 Terentianae
1559 2469 1640 2532 (de
1665 2470 1798 2517 And.
1826 2472 1952 2517 Eun.

609 2548 850 2613 Adelph.)
892 2551 1096 2597 Bonnae
1145 2554 1290 2611 1843.

531 2632 572 2693 J.
617 2633 968 2680 KOENIGHOFF.
1032 2635 1109 2680 De
1157 2635 1363 2690 ratione,
1405 2653 1554 2698 quam
1598 2636 1866 2684 Terentius
1905 2638 1952 2684 in

542 2855 574 2904 Ι)
631 2855 812 2892 Ulterius
840 2868 1087 2905 progressus
1111 2862 1175 2894 est
1196 2857 1406 2901 Wcssncr„
1431 2859 1499 2905 qui
1522 2860 1559 2896 in
1582 2859 1683 2896 libro
1706 2860 1758 2896 dc
1779 2859 1953 2897 Aemilio

394 2919 530 2967 Aspro
561 2921 774 2957 contendit
794 2922 1002 2958 Donatum
1023 2934 1194 2969 prorsus
1218 2936 1297 2959 non
1320 2924 1553 2970 inspexisse
1575 2924 1733 2961 fabulas
1756 2924 1952 2971 Graecam,

395 2986 468 3022 sed
500 2985 661 3022 Graeca
691 2987 974 3034 desumpsisse
1005 2999 1059 3024 ex
1089 2987 1227 3035 Aspro
1259 2994 1299 3025 et
1329 2988 1476 3026 Probo.
