2221 3526
855 276 916 331 67

111 431 373 476 personam
415 415 481 461 ita
519 431 546 459 a
587 414 826 460 Terentio
867 414 1120 460 inventam
1161 430 1284 465 esse,
1328 424 1379 460 ut
1411 430 1536 468 eam,
1573 432 1663 469 „ex

118 498 364 560 „qualibet
415 497 509 543 alia
559 507 643 542 aut
685 496 949 543 Menandri
989 507 1073 543 aut
1113 495 1447 559 cuiuscunque
1487 508 1663 559 poetae

117 579 307 632 „fabula
347 579 494 626 talem
537 579 714 625 nobilis
755 579 948 625 iuvenis
977 578 1302 625 Atheniensis
1328 579 1505 625 festum
1534 579 1662 626 diem

117 662 340 721 „agentis
379 678 642 723 personam
684 661 965 709 mutuatus’'
1007 663 1069 709 de
1107 679 1197 708 suo
1224 661 1485 709 addiderit.
1529 662 1664 708 Post-

110 763 254 808 quam
306 744 659 792 animadvertit
713 745 920 803 Uinium,
971 762 1031 791 ex
1072 762 1207 792 mera
1246 745 1481 807 opinione
1521 745 1665 792 certis

109 828 266 875 causis
318 845 417 874 non
469 828 686 875 stabilita
738 839 1006 890 negantem
1061 828 1354 875 Terentium
1405 839 1455 875 to
1495 845 1666 875 versus

109 913 171 958 de
222 929 309 958 suo
360 912 479 958 dare
525 911 759 973 potuisse,
802 912 955 958 verba
1002 922 1081 967 „ut
1120 912 1253 973 apud
1295 910 1664 958 Menandrum”

110 995 231 1042 falsa
264 995 464 1051 habere,
493 995 750 1041 contendit
779 994 972 1041 Ihnium
1001 1005 1050 1041 et
1078 993 1376 1042 Teuffelium
1405 1011 1664 1057 perperam

110 1077 404 1125 iudicavisse
455 1079 516 1124 de
571 1078 652 1126 ΙΙΙ.
711 1093 733 1139 5
782 1089 832 1125 et
877 1079 937 1125 V.
988 1081 1033 1135 8,
1087 1096 1197 1125 cum
1250 1078 1298 1125 in
1352 1077 1427 1124 his
1476 1077 1667 1125 scaenis

111 1162 336 1210 Chaerea
384 1161 655 1209 exsultaret
703 1173 751 1208 et
802 1179 968 1208 secum
1020 1161 1401 1225 colloqueretur.
1445 1161 1667 1208 Perlecta

112 1246 191 1293 III.
234 1262 263 1305 4
312 1245 439 1292 hanc
489 1245 786 1292 sententiam
839 1245 1052 1307 probare
1105 1262 1203 1291 non
1257 1246 1554 1310 possum31)
1605 1246 1667 1292 de

112 1345 292 1376 scaena
331 1329 392 1376 V.
436 1330 462 1373 8
506 1339 679 1390 postea
719 1328 1013 1375 videbimus.

256 1412 409 1457 Porro
451 1412 693 1458 Braunius
734 1428 831 1458 non
873 1411 1041 1473 magni
1081 1411 1320 1458 momenti
1346 1428 1454 1458 esse
1482 1421 1666 1466 censet,

113 1495 458 1557 Antiphonem
513 1495 819 1541 Graecorum
872 1495 1077 1542 vivendi
1130 1495 1321 1542 ratione
1373 1495 1470 1551 uti;
1523 1512 1666 1550 „nam

120 1579 278 1633 „coire
331 1578 377 1624 in
433 1578 606 1625 Piraeo
657 1578 1016 1640 simplicissime
1068 1589 1142 1625 est
1187 1579 1390 1633 dictum,
1431 1579 1666 1641 quoniam

120 1679 227 1718 „res
265 1662 483 1709 Athenis
520 1661 735 1722 agitur.''
764 1662 805 1726 2)

257 1745 455 1792 Deinde
496 1745 629 1792 nulla
669 1745 961 1792 necessitate
1001 1744 1241 1792 scholium
1280 1746 1467 1792 Donati
1494 1746 1557 1792 ad
1586 1746 1666 1793 III.

118 1844 161 1890 5.
206 1844 297 1890 59:
358 1829 487 1883 „Sed
539 1828 733 1875 interim
785 1829 847 1875 cle
897 1827 1136 1890 symbolis
1186 1828 1304 1891 quid
1355 1839 1518 1875 actum
1564 1839 1665 1883 est;

113 1913 241 1959 bene
293 1929 482 1958 memor
531 1923 606 1958 est
657 1929 899 1973 personae
951 1929 1098 1974 quam
1152 1912 1344 1958 induxit
1395 1923 1543 1974 poeta
1582 1930 1670 1974 per

115 1996 242 2043 hanc
281 1994 775 2056 interrogationem‚''
816 1996 878 2042 ad
920 1995 1213 2042 Terentium
1248 1995 1498 2058 pertinere
1526 2006 1668 2058 putat

262 2206 297 2253 Ι)
351 2207 485 2244 Minus
522 2213 635 2244 recte
666 2207 864 2245 Braunius
896 2220 934 2255 p.
966 2208 1014 2245 28
1045 2213 1129 2246 not.
1161 2208 1315 2246 initium
1345 2209 1463 2246 huius
1493 2221 1670 2247 scaenae

115 2273 172 2310 sic
221 2272 438 2321 intellegit:
486 2272 716 2320 „Equidem
769 2278 882 2321 puto,
927 2274 965 2310 id
1011 2274 1205 2321 imprimis
1251 2285 1403 2322 cupere
1443 2274 1670 2312 Chaeream

114 2339 316 2375 neminem
359 2338 617 2384 intervenire,
664 2339 848 2375 secundo
888 2339 1035 2376 deinde
1080 2339 1185 2385 loco,
1226 2351 1277 2376 ne
1318 2340 1503 2376 curiosus
1546 2341 1669 2378 homo

115 2404 379 2450 interveniat;
411 2409 452 2440 et
480 2404 531 2441 ad
563 2404 640 2440 hoc
666 2405 837 2441 verbum
860 2404 1101 2451 „curiosus”
1123 2405 1330 2452 pertinere
1352 2405 1446 2442 mihi
1468 2406 1669 2453 videntur,

114 2481 220 2517 quae
260 2469 357 2505 dicit
395 2468 597 2516 Antipho:
639 2469 801 2516 „Atque
842 2469 892 2506 ab
923 2481 974 2506 eo
1004 2481 1040 2507 e.
1067 2481 1105 2517 q.
1136 2470 1193 2506 s.’'
1233 2469 1365 2520 (55751
1397 2482 1531 2518 neque
1562 2471 1671 2508 enim

116 2535 321 2571 curiosum
364 2533 545 2581 Antipho
589 2534 663 2570 sed
703 2534 877 2571 amicum
915 2539 1039 2582 atque
1079 2534 1317 2572 familiarem
1356 2547 1400 2572 se
1440 2547 1534 2572 esse
1573 2536 1670 2574 vult.

116 2598 375 2646 Quamquam
405 2610 453 2635 ea
483 2610 588 2645 quae
620 2598 799 2647 Antipho
831 2600 1026 2636 orationis
1057 2611 1156 2636 suae
1187 2599 1298 2636 initio
1328 2600 1518 2647 loquitur,
1549 2601 1671 2638 etiam

116 2668 237 2712 putes
264 2662 417 2699 ironice
448 2663 557 2700 dicta
588 2675 681 2700 esse
712 2669 836 2711 atque
869 2675 1020 2712 cupere
1052 2664 1292 2711 Chaeream,
1324 2665 1527 2702 neminem
1548 2665 1671 2703 inter-

116 2728 282 2765 venire'’
314 2728 367 2764 M.
399 2727 420 2765 i.
452 2727 638 2765 Chaerea
668 2728 841 2775 primum
872 2730 984 2777 cupit
1014 2729 1218 2766 neminem
1245 2742 1289 2766 se
1311 2729 1479 2767 Thaidis
1505 2731 1671 2767 domum

113 2793 415 2841 relinquentem
468 2793 621 2839 videre,
677 2793 826 2830 deinde
874 2806 975 2832 vero
1023 2794 1228 2832 hominem
1277 2800 1418 2832 notum
1466 2797 1671 2842 quendam

119 2859 325 2896 curiosum
355 2859 611 2896 intervenire.

261 2947 299 2999 2)
356 2948 444 2994 „De
474 2947 668 2995 symbolis
700 2947 851 2985 edere”
882 2948 1006 2985 etiam
1036 2953 1100 2985 est
1124 2960 1213 2985 mos
1234 2948 1451 2986 Graecum.
1483 2948 1544 2987 Cf.
1566 2950 1670 2987 And.

117 3013 143 3050 I.
172 3023 200 3050 1.
222 3013 285 3050 61.
