2221 3526
901 252 960 295 41

156 380 522 442 parasitumque
565 397 692 425 nunc
736 378 877 424 simul
919 379 1163 424 deducere
1205 375 1528 421 meretricem.
1574 376 1710 421 Nihi—

155 462 366 509 lominus
429 463 503 508 his
568 462 792 523 personis
855 460 1054 507 adscitis
1119 458 1387 504 Terentius
1446 458 1710 504 Menandri

156 545 448 592 Eunuchum
488 545 680 591 duabus
719 544 910 591 scaenis
949 540 1263 604 lepidissimis
1300 540 1450 587 auxit.

295 628 347 674 In
407 627 570 689 priore
627 626 729 690 (III.
800 627 842 689 1)
900 627 1148 688 prodeunt
1208 623 1421 677 Thraso,
1488 623 1708 677 Gnatho,

155 711 414 758 Parmeno,
467 710 679 772 Stupido
730 721 779 756 et
831 727 964 756 vano
1006 708 1160 762 militi,
1201 707 1329 754 facta
1367 717 1417 754 et
1455 706 1585 753 dicta
1624 724 1711 753 sua

152 794 318 856 inepte
359 794 575 848 iactanti,
613 794 744 840 haud
774 793 969 840 inficete
997 801 1320 854 opponuntur
1347 790 1547 852 parasiti
1575 789 1708 851 plau-

149 894 231 923 sus
281 887 332 924 et
381 877 668 924 assentatio,
747 876 938 923 Omnes
977 894 1026 922 v.
1050 876 1096 922 d.
1137 873 1455 920 consentiunt
1494 873 1707 934 priorem

150 959 292 1006 huius
343 977 555 1015 scaenae
607 970 797 1022 partem
850 977 895 1007 u.
948 976 991 1005 a.
1045 976 1095 1005 v.
1149 973 1215 1017 44
1268 956 1410 1020 (434)
1461 974 1488 1002 e
1528 955 1708 1002 Colace

148 1043 460 1105 desumptam
500 1060 625 1090 esse.
667 1043 839 1089 111N1Us
878 1060 925 1104 p.
977 1044 1032 1088 18
1073 1041 1302 1088 aestimat
1329 1056 1485 1101 pauca
1513 1039 1708 1085 Parme-

150 1126 293 1173 nonis
332 1126 489 1173 verba
526 1144 553 1173 e
582 1125 763 1173 Colace
791 1125 1033 1172 translata
1059 1135 1108 1171 et
1136 1123 1399 1172 tribuenda
1425 1140 1534 1169 esse
1561 1139 1708 1168 servo

148 1208 274 1256 illius
301 1226 561 1271 personae,
592 1227 717 1272 quae
748 1208 915 1256 militis
943 1208 1109 1255 rivalis
1137 1206 1487 1261 inducebatur;
1520 1206 1708 1252 Teren-

147 1292 266 1339 tium
306 1292 453 1347 enim,
497 1293 587 1339 nisi
629 1293 676 1339 in
718 1292 914 1339 Colacis
952 1309 1133 1338 scaena
1172 1291 1266 1337 iam
1294 1290 1492 1337 adesset
1517 1306 1706 1344 servus,

146 1392 257 1422 eum
309 1394 370 1422 ex
423 1377 666 1423 Eunucho
720 1394 817 1422 non
872 1375 1171 1423 adsciturum
1210 1373 1375 1428 fuisse,
1417 1372 1707 1435 praesertim

147 1476 255 1505 curn
307 1459 540 1507 brevitati
585 1460 884 1506 studendum
926 1469 1070 1506 esset.
1114 1459 1373 1505 BRAUNIUS
1412 1474 1459 1519 p.
1505 1470 1563 1516 25
1607 1455 1707 1502 ani-

147 1542 415 1590 madvertit
454 1553 553 1589 tam
596 1560 752 1605 pauca
791 1543 947 1589 verba
976 1542 1095 1589 nihil
1124 1541 1292 1588 valere
1319 1541 1382 1587 ad
1410 1539 1707 1587 brevitatem

145 1636 195 1672 et
233 1625 340 1672 aliis
379 1643 574 1689 quoque
615 1627 923 1688 argumentis
956 1626 1175 1673 ostendit
1202 1625 1329 1672 hanc
1358 1623 1482 1670 Ihnii
1510 1634 1706 1670 senten-

145 1708 261 1755 tiam
284 1719 414 1756 stare
439 1726 537 1756 non
562 1727 723 1771 posse.
757 1710 793 1774 Ι)
836 1710 988 1771 Igitur
1015 1727 1185 1771 pauca,
1216 1725 1341 1771 quae
1363 1706 1707 1769 interloquitur

147 1792 408 1846 Parmeno,
462 1793 543 1855 qui
596 1793 793 1854 prodiit,
849 1803 901 1839 ut
952 1793 1211 1839 occasione
1263 1793 1380 1838 data
1432 1789 1705 1837 Phaedriae

144 1875 331 1921 donurn
371 1876 434 1922 ad
465 1876 712 1922 Thaidem
742 1877 1025 1931 deduceret,
1055 1893 1083 1922 a
1113 1875 1352 1922 Terentio
1380 1874 1549 1921 addita
1575 1883 1703 1920 sunt.

286 1958 467 2004 Mirum
520 1970 758 2021 quantum
811 1960 1113 2021 disputatum
1153 1970 1243 2014 est,
1284 1969 1444 2005 utrum
1484 1956 1705 2004 alterutri

144 2041 411 2088 Menandri
461 2042 656 2089 fabulae
707 2060 769 2089 an
813 2043 1054 2089 Terentio
1095 2042 1267 2106 reliqui
1314 2042 1456 2088 huius
1494 2058 1704 2088 scaenae

143 2142 316 2171 versus
373 2125 422 2188 (i.
463 2143 492 2172 a
542 2126 629 2188 44)
689 2126 937 2173 tribuendi
994 2127 1107 2174 sint.
1187 2126 1392 2173 Gnatho
1452 2124 1703 2171 Thrasoni

142 2208 397 2270 praecipit,
450 2219 517 2264 ut,
570 2209 609 2255 si
650 2209 807 2256 Thais
846 2209 1024 2257 invitet
1062 2220 1145 2257 aut
1183 2209 1351 2256 laudet
1391 2208 1701 2262 Phaedriam,

142 2291 247 2353 ipse
287 2291 503 2338 invidiae
543 2292 872 2340 stimulandae
912 2311 1058 2340 causa
1093 2293 1259 2341 iubeat
1285 2309 1535 2340 arcessere
1564 2292 1702 2338 Pam-

142 2374 328 2436 philam
367 2385 451 2422 aut
489 2375 685 2423 simulet
711 2393 764 2422 se
791 2393 958 2424 amare
988 2377 1116 2423 hanc
1143 2376 1405 2439 virginem.
1438 2375 1700 2429 Parasitus,

141 2474 248 2504 cum
290 2457 411 2504 haec
449 2458 581 2514 dicit,
624 2459 822 2521 respicit
860 2461 924 2506 ad
963 2460 1250 2507 convivium
1291 2459 1424 2514 illud,
1466 2459 1529 2506 ad
1569 2459 1702 2521 quod

142 2540 237 2586 iam
277 2540 581 2589 invitaverat
622 2542 869 2589 Thaidem
910 2543 1069 2607 (266).
1114 2543 1238 2589 Cum
1266 2542 1397 2589 enim
1428 2542 1625 2589 Thraso
1652 2541 1700 2587 in

142 2622 236 2669 hoc
288 2623 521 2670 convivio
573 2625 774 2686 parasiti
829 2626 1084 2672 consilium
1138 2635 1450 2688 exsequatur,
1492 2624 1700 2686 iurgium

142 2705 294 2752 oritur
346 2706 473 2752 inter
523 2724 634 2753 eum
686 2719 736 2754 et
787 2708 1035 2755 Thaidem
1081 2708 1158 2773 (cf.
1200 2709 1286 2755 IV.
1337 2709 1395 2772 1),
1437 2724 1534 2770 quo
1573 2707 1701 2754 facto

141 2788 281 2835 miles
332 2789 471 2835 venit
522 2789 628 2853 (IV.
687 2791 733 2855 7)
775 2792 1044 2838 meretricis
1082 2793 1285 2838 domum
1325 2801 1701 2853 oppugnaturus

289 2963 324 3010 Ι)
380 2964 441 3002 Cf.
472 2976 511 3012 p.
545 2974 606 3011 31.
