2221 3526
1142 239 1204 282 24

395 363 526 424 aqud
584 362 917 408 Menandrum
977 379 1074 408 non
1133 380 1162 409 a
1220 362 1371 408 milite
1423 363 1556 408 dono
1613 363 1780 408 datam
1838 379 1945 408 esse

395 444 626 506 potuisse,
668 444 780 506 quia
820 445 1081 499 Parmeno,
1123 445 1203 507 qui
1240 445 1303 491 ab
1332 445 1438 506 ipsa
1466 444 1660 491 Thaide
1687 455 1948 506 acceperat

394 526 605 589 puellam
647 527 843 574 missam
883 545 913 575 a
952 527 1103 574 milite
1142 545 1250 574 esse
1290 527 1449 574 civem
1489 528 1544 591 (I.
1578 544 1620 575 2.
1654 528 1753 591 30),
1785 527 1947 574 Chae-

394 627 526 656 ream
569 627 667 656 non
709 611 923 671 potuerit
963 610 1181 664 incitare,
1212 621 1261 656 ut
1289 610 1556 671 ingenuam
1585 620 1944 671 constupraret.

535 693 679 740 Putat
715 693 861 753 igitur
890 692 1161 739 Nencinius
1190 693 1551 739 Parmenonem
1582 693 1945 739 Menandreum

393 775 648 836 ignorasse
705 775 795 829 „de
847 792 1059 836 quanam
1108 774 1271 836 puella
1310 775 1541 821 meretrix
1582 775 1744 821 locuta
1781 774 1944 821 esset''

391 868 440 903 et
489 858 620 918 apud
671 867 871 918 poetam
925 857 1170 903 Graecum
1229 857 1473 918 „puellam
1526 857 1621 903 iam
1674 857 1864 918 pridem
1917 874 1945 903 a

398 939 593 994 „nescio
632 957 728 1001 quo
768 950 989 985 amatore
1030 939 1273 986 meretrici
1314 940 1549 986 donatam
1591 950 1673 986 aut
1707 940 1801 986 iam
1831 940 1945 986 inde

397 1040 454 1077 „a
492 1021 698 1084 parvula
736 1023 866 1083 apud
908 1022 1155 1068 Thaidem
1196 1033 1552 1069 commoratam
1592 1022 1789 1069 fuisse.''
1829 1024 1865 1086 1)

534 1105 673 1151 Haec
714 1104 943 1151 Nencinii
982 1105 1251 1166 disputatio
1287 1105 1455 1151 nititur
1482 1104 1603 1151 falso
1631 1115 1942 1166 argumento,

390 1187 588 1234 Etenim
628 1188 759 1250 quod
787 1198 985 1249 poetam
1016 1188 1259 1234 Graecam
1288 1188 1503 1234 scribere
1531 1187 1749 1249 potuisse
1777 1200 1942 1248 negat,

388 1281 439 1317 ut
488 1287 660 1317 servus
710 1270 1077 1317 adulescentem
1131 1270 1333 1331 instiget
1379 1272 1441 1316 ad
1482 1269 1767 1317 violandam
1809 1270 1943 1331 inge—

389 1370 550 1407 nuam,
592 1352 721 1399 idem
775 1352 983 1414 imputat
1022 1364 1200 1414 poetae
1241 1352 1435 1407 Latino,
1478 1353 1557 1415 qui
1598 1352 1765 1414 procul
1794 1352 1944 1398 dubio

388 1436 547 1482 minus
597 1435 736 1482 facile
787 1436 934 1482 etiam
988 1436 1084 1482 tale
1137 1436 1371 1497 probrum
1425 1454 1451 1482 e
1502 1453 1589 1482 suo
1642 1435 1845 1497 ingenio
1894 1436 1942 1482 in

386 1518 599 1565 fabulam
640 1518 957 1565 admississet.

527 1602 627 1648 Sed
681 1619 778 1647 non
833 1619 1005 1648 verum
1057 1612 1131 1648 est
1185 1602 1547 1648 Parmenonem
1606 1602 1667 1647 de
1726 1600 1943 1662 ingenua

386 1684 577 1745 puellae
619 1695 792 1731 natura
830 1685 958 1731 serio
998 1685 1259 1746 cogitasse.
1291 1685 1503 1730 Primum
1534 1702 1581 1731 v.
1621 1701 1635 1730 Ι
1657 1700 1730 1739 10,
1760 1695 1811 1730 ut
1838 1683 1942 1746 ipse

385 1767 737 1814 animadvertit
778 1768 1064 1821 Nencinius,
1108 1767 1264 1813 Thais
1303 1767 1588 1813 dubitanter
1627 1768 1688 1813 de
1717 1767 1942 1828 ingenui-

386 1860 486 1896 tate
537 1849 727 1911 puellae
781 1850 941 1896 locuta
991 1863 1064 1897 est
1103 1852 1180 1913 (ct.
1222 1850 1370 1897 etiam
1415 1850 1532 1913 203)
1574 1850 1802 1911 Apparet
1848 1850 1942 1896 iam

388 1933 640 1980 Donatum
682 1933 998 1987 ilitellexiss‹·‚
1040 1951 1124 1980 cur
1165 1933 1321 1980 Thais
1359 1933 1644 1980 dubitanter
1677 1933 1838 1980 locuta
1865 1933 1941 1988 sit,

533 2103 567 2153 1)
622 2103 845 2140 Nencinius
889 2103 1054 2151 scripsit
1097 2116 1134 2151 p.
1180 2104 1253 2149 83:
1299 2115 1488 2150 „nequeo
1528 2103 1661 2140 mirari
1701 2103 1800 2140 satis
1831 2103 1943 2150 quod

384 2168 583 2205 Parmeno
613 2180 768 2205 servus,
800 2168 867 2215 qui
898 2168 1147 2215 Pamphilam
1177 2168 1308 2205 civem
1339 2181 1431 2205 esse
1462 2168 1593 2215 probe
1624 2173 1768 2205 nosset
1790 2168 1943 2216 quippe

386 2233 453 2280 qui
484 2232 708 2269 Phaedriae
739 2238 781 2269 et
810 2233 1039 2270 meretricis
1071 2234 1277 2281 colloquio
1309 2233 1575 2279 interfuisset,
1598 2233 1682 2270 erili
1701 2233 1782 2269 filio
1800 2233 1944 2270 vitian-

385 2298 461 2335 dac
506 2297 672 2346 virginis
716 2303 861 2334 auctor
904 2298 1026 2334 fuerit
1069 2303 1193 2345 atque
1238 2299 1343 2335 adeo
1387 2298 1494 2334 viam
1537 2298 1587 2334 ad
1626 2298 1704 2335 hoc
1741 2298 1944 2344 munierit,

385 2375 632 2410 quamquam
662 2374 757 2399 eum
787 2364 952 2410 quidem
983 2364 1171 2412 ignorare
1203 2375 1307 2410 quae
1340 2363 1455 2399 istius
1486 2363 1595 2400 modi
1618 2363 1787 2400 facinori
1809 2376 1944 2411 poena

386 2432 528 2475 parata
560 2432 673 2464 esset
702 2428 809 2464 haud
840 2440 938 2465 sanc
968 2428 1054 2465 veri
1085 2428 1213 2465 simile
1244 2428 1470 2476 putandum
1501 2427 1603 2465 est.'⁷

528 2505 565 2540 p.
598 2493 672 2538 84:
704 2493 932 2539 „Equidem
962 2493 1138 2530 arbitror
1168 2493 1466 2530 Parmenonem
1495 2492 1534 2528 in
1564 2493 1666 2530 Eun.
1698 2493 1805 2530 Men.
1828 2494 1944 2542 igno-

385 2570 500 2594 rasse
539 2558 590 2594 de
629 2570 805 2604 quanam
844 2558 978 2605 puella
1009 2558 1207 2595 meretrix
1237 2559 1375 2595 locuta
1404 2563 1530 2604 esset,
1561 2558 1666 2595 hanc
1696 2563 1833 2596 autem
1863 2571 1943 2596 non

385 2622 511 2660 fuisse
541 2623 592 2659 dc
624 2623 875 2671 ingenuitate
906 2623 1066 2670 puellae
1097 2623 1298 2671 perplexe
1329 2622 1548 2660 locutam⁷’.

527 2700 565 2735 p.
598 2689 670 2734 89:
703 2687 888 2734 „Omnes
918 2688 1185 2725 difficultates
1216 2688 1333 2725 facile
1356 2693 1633 2734 removentur,
1659 2688 1691 2725 si
1713 2701 1778 2726 res
1802 2690 1856 2726 ita
1877 2701 1941 2736 ap.

385 2754 492 2790 Men.
535 2758 677 2802 gestae
719 2765 811 2790 esse
851 2753 1070 2802 fingantur,
1109 2759 1152 2790 ut
1188 2754 1322 2801 puella
1353 2759 1422 2790 aut
1451 2754 1529 2790 iam
1560 2755 1719 2800 pridem
1749 2766 1771 2791 a
1801 2755 1942 2792 nescio

386 2831 468 2866 quo
513 2823 695 2855 amatore
739 2819 944 2855 meretrici
989 2819 1141 2856 donata
1186 2824 1255 2855 aut
1299 2819 1376 2855 iam
1421 2819 1513 2855 inde
1559 2831 1581 2856 a
1625 2819 1793 2865 parvula
1833 2821 1940 2867 apud

387 2885 586 2921 Thaidem
617 2889 870 2920 commorata
892 2883 942 2919 sit
964 2884 1110 2920 eadem
1131 2884 1194 2920 illa
1216 2884 1374 2921 ratione
1398 2896 1478 2931 qua
1499 2885 1607 2931 apud
1630 2884 1747 2921 huius
1770 2890 1942 2922 matrem

386 2949 554 2998 parvula
584 2949 711 2986 fuisse
741 2948 871 2985 fertur
901 2949 927 2985 Ι.
961 2959 993 2985 2.
1028 2950 1074 2985 28
1106 2949 1223 2996 sqq.’'
