2221 3526
859 256 923 311 69

116 396 243 442 hanc
295 411 557 456 personam
607 394 888 440 Menandro
929 392 1254 443 vindicamus.
1295 393 1517 439 eicienda
1555 404 1667 439 sunt

115 478 270 526 verba
315 488 396 530 „ut
434 477 566 538 apud
609 474 991 523 Menandruin.''

256 560 487 606 Fortasse
527 559 673 606 etiam
718 558 938 605 nonnihil
976 559 1179 604 interest
1209 575 1298 603 nos
1323 557 1496 604 saltem
1528 558 1606 604 ΙΙΙ.
1636 575 1665 617 4

114 641 422 704 Antiphonis
463 641 628 688 verbis
668 641 902 688 certiores
944 640 1062 695 sieri,
1104 657 1187 687 6111·
1221 640 1447 687 Chaerea
1474 640 1530 686 ΙΙ.
1563 657 1588 700 3
1619 640 1666 686 in

115 725 286 772 urbem
326 724 533 772 venerit.

255 807 307 854 Si
358 818 521 854 autem
575 824 834 854 censemus
886 807 1013 853 113116
1058 823 1321 868 personam
1362 823 1390 852 a
1429 805 1669 852 Terentio

113 890 332 938 additam
384 908 507 945 esse,
562 908 622 937 ne
675 908 800 937 unus
850 890 932 937 diu
984 889 1229 952 loquatur,
1285 906 1382 935 non
1435 906 1558 951 opus
1595 899 1670 935 est

114 985 302 1021 mutare
341 973 582 1021 scholium
605 992 612 1029 ;
653 974 740 1020 sed
775 973 868 1020 hoc
896 972 1396 1020 animadvertendum
1424 982 1499 1018 est
1526 972 1669 1019 Anti-

113 1057 294 1119 phonis
316 1067 483 1119 partes
511 1056 666 1104 multo
695 1057 906 1103 maiores
933 1074 1040 1103 esse
1069 1073 1214 1118 quam
1244 1055 1414 1102 talium
1438 1072 1669 1117 persona-

115 1158 237 1195 rum,
284 1158 405 1203 quas
434 1140 701 1187 Terentius
727 1139 843 1188 alibi
870 1141 933 1187 ad
961 1139 1365 1201 distinguendam
1393 1138 1668 1185 orationem

113 1223 331 1271 inseruit.
366 1223 401 1287 1)

257 1306 351 1353 His
407 1307 665 1369 perpensis
716 1323 806 1368 pro
857 1316 992 1353 certo
1042 1306 1306 1352 adfirmare
1358 1322 1456 1351 non
1496 1304 1667 1359 ausim,

113 1390 232 1452 quid
271 1391 333 1437 de
367 1390 675 1452 Antiphonis
703 1406 916 1452 persona
944 1389 1259 1436 iudicandum
1287 1388 1363 1443 sit,
1392 1389 1480 1435 sed
1509 1387 1667 1449 magis

113 1472 294 1520 inclino
333 1473 381 1520 in
422 1474 635 1535 priorem
675 1473 989 1527 sententiam,
1030 1490 1139 1519 eam
1179 1489 1207 1519 a
1242 1471 1482 1518 Terentio
1508 1490 1535 1518 e
1564 1472 1669 1518 Me-

114 1557 289 1604 nandri
331 1557 575 1603 Eunucho
615 1557 928 1618 desumptam
957 1573 1089 1611 esse;
1128 1573 1289 1619 neque
1318 1555 1446 1602 hanc
1472 1555 1537 1601 ob
1567 1571 1668 1600 rem

112 1640 391 1695 diiudicem,
421 1640 549 1687 sitne
576 1639 892 1694 scholiorum,
923 1656 1051 1702 quae
1078 1655 1228 1701 supra
1250 1637 1502 1700 descripsi,
1526 1636 1668 1685 alter-

112 1734 273 1770 utrum
314 1723 520 1770 fortasse
562 1722 863 1770 reiciendum
907 1740 969 1769 an
1009 1722 1105 1769 alio
1134 1721 1242 1768 1060
1269 1721 1666 1768 adscribendum.

255 1807 367 1853 Hoc
418 1816 610 1854 tantum
664 1823 867 1853 monere
916 1805 1081 1860 velim,
1135 1805 1263 1852 113116
1309 1803 1666 1868 quaestionem,

111 1889 181 1945 iis,
223 1889 305 1953 qui
344 1890 406 1936 de
448 1889 671 1936 Terentii
710 1899 816 1936 arte
855 1888 1069 1935 iudicare
1103 1887 1274 1943 velint,
1303 1887 1666 1950 gravissimam,

110 1973 172 2020 ad
213 1989 376 2019 meum
410 1971 718 2034 propositum
748 1989 847 2019 non
877 1972 1000 2019 tanti
1028 1971 1267 2019 momenti
1293 1988 1428 2026 esse;
1469 1971 1508 2017 si
1535 1970 1666 2017 enim

111 2055 417 2118 Antiphonis
468 2073 683 2118 persona
734 2055 1001 2102 Menandri
1054 2055 1296 2102 Eunucho
1341 2053 1668 2101 abiudicanda

110 2150 200 2194 est,
241 2139 289 2185 in
329 2156 388 2187 ea
424 2138 591 2186 fabula
628 2156 919 2187 scaenarum
960 2139 1039 2185 III.
1082 2155 1112 2199 4
1151 2149 1202 2186 et
1237 2153 1261 2199 5
1292 2137 1400 2185 loco
1429 2137 1668 2185 habemus

109 2222 313 2285 longum
354 2221 694 2285 monologum.

254 2861 289 2912 Ι)
345 2862 463 2899 Hanc
503 2862 556 2898 ob
596 2873 681 2898 rem
721 2861 843 2898 et-iam
882 2861 1006 2898 falsus
1046 2865 1110 2897 651
1144 2860 1354 2906 Braunius,
1386 2872 1478 2896 cum
1509 2859 1663 2896 scribat

107 2939 146 2975 p.
168 2937 237 2973 29:
270 2926 509 2974 „Menandri
531 2937 685 2973 paucas
707 2930 864 2962 tantum
886 2937 1034 2974 graves
1056 2937 1256 2972 personas
1278 2924 1548 2972 producentis
1569 2936 1662 2961 6556

106 3003 214 3042 nego
246 2992 333 3029 eius
364 2991 474 3029 modi
504 2990 669 3028 homine
699 2990 769 3037 uti,
800 2990 867 3038 qui
899 2990 1006 3027 adsit
1035 2994 1193 3027 tantum
1223 2994 1267 3026 ut
1294 2988 1469 3027 audiat.’'
