2221 3526
968 211 1027 254 23

223 336 502 387 Braunium,
545 352 651 380 cum
693 345 891 380 censeat
933 333 1096 379 militis
1135 345 1183 380 et
1224 337 1422 395 parasiti
1458 354 1697 397 personas
1725 338 1771 383 in

222 417 483 464 Menandri
544 416 783 462 Eunucho
844 434 940 461 non
1001 416 1160 469 fuisse,
1222 417 1364 464 nimis
1417 418 1568 465 multa
1625 419 1774 480 ipsius

202 499 442 549 „Terentii
491 499 765 545 inventioni
806 499 1142 559 adscripsisse,
1186 499 1250 545 ita
1291 511 1341 546 ut
1381 511 1529 561 poeta
1570 501 1773 547 Latinus

219 583 346 628 hanc
386 581 597 628 fabulam
647 580 798 626 multo
846 581 1003 640 magis
1043 581 1304 628 artificiose
1344 593 1392 628 et
1433 582 1584 629 libere
1625 601 1772 645 quam

217 676 405 711 ceteras
432 664 887 717 contaminavisset‚
912 664 1264 726 contenditque
1290 665 1371 710 vix
1393 665 1605 712 dubitari
1629 682 1773 726 posse

217 747 331 809 quin
394 747 593 793 Luscius
654 747 940 793 Lanuvinus
997 746 1040 793 ei
1099 747 1288 793 crimini
1347 748 1580 802 dedisset,
1633 748 1671 794 si
1724 748 1771 794 in

216 830 405 877 fabulas
446 831 664 877 Graecas
705 840 777 877 tot
819 847 949 876 nova
989 830 1274 877 inseruisset
1314 831 1408 894 (Cf.
1439 831 1605 878 Ihnius
1635 848 1680 892 p.
1707 833 1770 892 9).

361 913 557 960 Deinde
588 913 822 973 Regelius
850 913 1011 973 arguit
1041 913 1158 959 nihil
1188 930 1295 960 esse
1326 914 1618 969 mirandum,
1642 915 1773 976 quod

215 1007 364 1057 poeta
404 996 449 1042 in
492 996 702 1057 prologo
744 995 945 1042 militem
989 1006 1178 1042 tantum
1220 997 1585 1059 parasitumque
1620 997 1772 1043 nomi—

216 1079 424 1133 naverit,
478 1096 586 1125 cum
642 1079 845 1125 Luscius
891 1078 938 1125 id
978 1089 1167 1126 tantum
1209 1079 1554 1134 accusavisset‚
1596 1097 1706 1126 eum
1746 1097 1772 1126 e

216 1163 393 1209 Latina
449 1162 613 1208 fabula
673 1162 761 1208 has
820 1179 1057 1223 personas
1115 1163 1394 1224 sumpsisse.
1471 1162 1623 1223 Igitur
1681 1163 1773 1209 hoc

214 1256 403 1292 tantum
446 1245 656 1292 refutare
695 1263 818 1306 opus
858 1245 958 1291 fuit.
1027 1245 1165 1292 llaec
1199 1245 1483 1292 observatio
1512 1246 1773 1292 iustissima

213 1339 302 1383 est,
344 1329 431 1374 sed
471 1346 499 1374 a
539 1327 700 1374 multis
743 1327 984 1389 neglecta.

358 1412 636 1457 Nsxcixlus
688 1428 880 1473 quoque
933 1421 1072 1472 putat
1122 1411 1286 1457 militis
1336 1422 1385 1458 et
1424 1411 1624 1473 parasiti
1665 1429 1770 1473 per-

213 1511 362 1540 sonas
401 1511 429 1540 a
470 1494 734 1540 Menandri
772 1494 1012 1539 Eunucho
1040 1494 1232 1540 afuisse.
1281 1494 1444 1541 Affert
1473 1511 1604 1540 nova
1630 1511 1771 1555 argu-

212 1588 381 1624 menta
430 1588 479 1623 et
531 1587 803 1638 praeterea,
857 1594 981 1639 quae
1036 1577 1273 1623 Braunius
1325 1577 1511 1623 incerta
1561 1576 1768 1639 reliquit,

211 1659 480 1721 explanare
520 1670 739 1706 conatur.
801 1660 901 1705 Iam
944 1659 1154 1705 vidimus
1193 1677 1304 1706 eum
1339 1659 1600 1721 perhibere
1639 1660 1770 1721 apud

212 1743 543 1790 Menandrum
595 1743 854 1789 avaritiam
908 1743 1177 1789 meretricis
1229 1760 1427 1789 causam
1481 1742 1626 1789 fuisse
1675 1742 1768 1789 dis-

209 1826 406 1872 cordiae
458 1826 585 1872 inter
638 1826 885 1872 Thaidem
931 1837 980 1871 et
1021 1825 1343 1880 Phaedriam;
1382 1827 1417 1889 1)
1476 1842 1623 1887 porro
1676 1825 1768 1871 hoc

209 1926 402 1971 quoque
478 1909 749 1963 contendit,
821 1908 1139 1955 Chremetem
1209 1909 1570 1954 Menandreum
1623 1908 1767 1955 fuisse

209 2010 394 2047 senem,
428 1993 468 2056 2)
521 1993 651 2039 unde
701 1993 875 2039 mirum
928 1992 975 2038 in
1029 1993 1229 2038 modum
1276 1991 1524 2038 concludit
1562 1991 1765 2039 militem

208 2086 258 2122 et
296 2075 563 2137 parasitum
604 2076 736 2136 apud
778 2075 1111 2121 Menandrum
1152 2075 1343 2121 afuisse.
1376 2074 1417 2137 3)

351 2157 577 2205 Alterum
603 2157 832 2205 Nencinii
854 2168 1202 2219 argumentum
1227 2157 1320 2204 hoc
1340 2168 1429 2212 est,
1455 2157 1763 2219 Pamphilam

357 2320 388 2371 1)
446 2321 508 2360 Cf.
538 2333 575 2369 p.
614 2322 668 2359 18.

350 2400 390 2446 2)
447 2398 508 2437 Cf.
540 2398 641 2446 Cap.
671 2399 719 2436 V.

352 2475 387 2526 3)
445 2476 505 2514 Cf.
537 2475 757 2513 Nencinius
789 2489 826 2524 p.
859 2476 933 2514 88:
966 2476 1111 2523 „Quae
1142 2476 1308 2523 quidem
1339 2476 1477 2524 opinio
1507 2476 1539 2513 si
1566 2482 1679 2514 recta
1699 2482 1763 2514 est

208 2544 249 2576 et
291 2539 426 2576 militis
471 2552 596 2578 causa
639 2553 860 2588 personam
906 2541 1137 2579 Chremetis
1181 2541 1353 2579 mutavit
1395 2542 1628 2588 Terentius,
1669 2542 1762 2579 inde

205 2605 383 2642 efficitur
422 2605 556 2642 militis
596 2618 819 2653 personam
857 2606 924 2643 uni
966 2606 1105 2645 Colaci
1135 2607 1278 2645 deberi
1309 2607 1486 2654 ideoque
1517 2607 1638 2644 etiarn
1669 2619 1762 2655 per-

206 2682 350 2708 sonam
380 2670 586 2718 parasiti’'.

348 2735 583 2783 Disputatio
626 2736 855 2781 dialectica,
898 2736 1015 2773 nimis
1058 2737 1273 2784 speciosa:
1319 2736 1416 2784 quid
1460 2738 1567 2774 enim
1610 2737 1760 2784 obstat,

205 2800 422 2848 quominus
476 2811 716 2838 censeamus
769 2802 877 2849 apud
926 2802 1197 2839 Menandrum
1239 2802 1354 2839 iuxta
1397 2814 1537 2839 senem
1580 2803 1760 2840 adfuisse

205 2865 373 2902 militem
403 2870 445 2902 et
476 2877 547 2902 cur
578 2867 842 2904 statuendum
872 2872 936 2903 est
965 2866 1206 2904 Terentium
1235 2867 1369 2904 militis
1401 2879 1525 2905 causa
1554 2880 1695 2905 senem
1722 2867 1760 2905 in

205 2931 394 2968 iuvenem
423 2935 604 2968 mutasse
623 2933 635 2968 ?
