2221 3526
1216 277 1238 308 2

452 404 607 467 iisque
653 405 700 450 in
741 404 1082 450 convertendo
1122 404 1363 449 adderent
1401 414 1568 464 partes
1605 420 1666 448 ex
1704 402 1799 449 alia
1836 400 2002 447 fabula

452 487 631 548 petitas
676 516 742 520 -—
788 503 915 548 quae
966 486 1148 547 agendi
1201 485 1325 532 ratio
1371 485 1721 532 nominabatur
1764 483 2002 531 contami-

451 587 578 616 nare
615 599 681 602 ——
722 569 928 615 Luscius
960 569 1108 615 etiam
1137 579 1474 614 transversum
1503 585 1721 629 unguem
1750 567 2003 614 discedere

451 652 514 698 ab
552 651 822 713 exemplari
851 652 1044 697 Graeco
1078 650 1297 697 illicitum
1325 667 1432 697 esse
1460 651 1681 714 putabat.
1737 649 2005 696 Terentius

452 746 624 781 contra
685 734 877 780 illorum
941 733 1224 794 exemplum
1276 745 1473 780 secutus
1523 743 1597 780 est
1648 733 1829 797 (Andr.
1878 731 2001 794 prol.

462 833 516 877 13
546 817 692 879 sqq),
734 834 881 878 quam
922 816 986 861 ob
1015 832 1229 870 causam,
1260 833 1350 862 nec
1379 833 1477 862 non
1507 816 1694 862 invidia
1720 815 1767 861 in
1799 814 2002 861 rivalem

452 899 692 946 iuniorem
734 909 1026 952 commotus,
1069 898 1362 944 Lanuvinus
1394 899 1599 961 eiusque
1627 898 1745 944 socii
1771 914 1884 944 eum
1913 897 2005 943 cri-

452 982 805 1028 minationibus
845 982 1288 1043 persequebantur.

595 1064 759 1111 Prima
797 1064 1044 1110 accusatio
1083 1064 1187 1117 fuit,
1230 1065 1364 1125 quod
1404 1063 1595 1110 fabulas
1627 1062 2003 1110 contaminaret.

453 1146 644 1194 Omitto
684 1147 1027 1209 quaestionem
1062 1147 1208 1192 toties
1234 1163 1263 1193 a
1285 1164 1332 1193 v.
1356 1147 1402 1192 d.
1433 1156 1692 1193 tractatam
1722 1147 1783 1192 de
1807 1145 2006 1206 propria

452 1230 814 1291 significatione
853 1230 992 1276 verbi
1026 1229 1390 1284 contaminare,
1433 1229 1722 1290 praesertim
1750 1245 1861 1274 cum
1890 1228 2007 1274 satis

452 1324 659 1367 constet,
713 1313 831 1375 quid
884 1313 1151 1359 Terentius
1198 1313 1290 1358 hoc
1329 1313 1485 1358 verbo
1524 1311 1836 1359 intellexerit.
1896 1311 2005 1371 Ipse

451 1397 583 1442 enim
622 1407 770 1457 poeta
810 1397 1069 1458 profitetur

596 1503 757 1549 Andr.
799 1502 927 1564 prol.
976 1518 1031 1562 13
1074 1519 1147 1564 sq.

526 1586 666 1648 Quae
705 1602 1003 1641 convenere,
1044 1585 1091 1630 in
1133 1584 1377 1630 Andriam
1417 1600 1478 1629 ex
1518 1584 1769 1630 Perinthia

522 1669 766 1732 (Fatetur)
806 1667 1114 1714 transtulisse
1154 1678 1303 1729 atque
1344 1684 1485 1712 usum
1526 1684 1616 1728 pro
1654 1666 1769 1712 suiS.

594 1776 705 1822 Eun
763 1775 886 1837 prol.
931 1790 995 1835 30
1034 1792 1141 1837 sqq.

524 1859 679 1906 Colax
721 1859 1068 1906 Menandrist:
1110 1859 1157 1904 in
1198 1868 1304 1904 east
1344 1857 1590 1919 parasitus
1629 1856 1770 1904 colax

523 1953 572 1989 et
612 1942 751 1989 miles
789 1942 1063 2004 gloriosus:
1104 1958 1189 1988 eas
1228 1958 1279 1987 se
1320 1941 1437 2004 (hic)
1462 1942 1497 2004 Ι)
1540 1958 1638 1986 non
1680 1951 1830 2001 negat

524 2042 763 2087 personas
800 2025 1110 2073 transtulisse
1151 2025 1198 2070 in
1242 2024 1540 2070 Eunuchum
1581 2041 1719 2070 suam

526 2127 586 2155 ex
627 2109 835 2157 Graeca.

596 2215 813 2277 Adelph.
857 2214 980 2277 prol.
1030 2230 1089 2260 Io
1128 2231 1201 2276 sq.

1014 2315 1126 2344 eum
1167 2296 1288 2359 (scil.
1331 2296 1512 2359 locum)
1553 2296 1630 2342 hic
1669 2296 1879 2357 sumpsit
1917 2296 2009 2342 sibi

526 2383 573 2428 in
613 2381 892 2443 Adelphos,
939 2381 1148 2427 verbum
1190 2381 1251 2426 de
1291 2379 1447 2425 verbo
1486 2396 1776 2440 expressum
1816 2379 2005 2425 extulit.

597 2490 673 2535 Ex
722 2489 914 2543 fabulis,
968 2505 1092 2551 quas
1143 2487 1505 2533 contaminatas
1556 2503 1663 2532 esse
1715 2486 1819 2548 ipse
1859 2487 2008 2532 confi-

454 2584 599 2627 tetur,
641 2573 827 2634 sumpsi
870 2563 1167 2618 Eunuchum
1203 2570 1540 2632 inquisiturus,
1579 2571 1832 2632 quomodo
1861 2581 2008 2631 poeta

456 2673 572 2702 usus
623 2655 683 2701 sit
721 2654 992 2716 exemplari
1033 2654 1227 2700 Graeco
1267 2663 1330 2705 et,
1384 2663 1625 2714 quantum
1667 2652 1770 2698 fieri
1810 2652 2005 2713 poterit,

456 2739 768 2785 restituturus
795 2738 918 2784 duas
946 2736 1214 2783 Menandri
1241 2735 1446 2786 fabulas.
1476 2752 1600 2798 quas
1626 2735 1867 2789 adhibuit,
1897 2752 2007 2781 cum

604 2926 638 2976 Ι)
681 2925 772 2962 Hoc
791 2937 1018 2973 pronomen
1036 2924 1205 2961 inseruit
1218 2923 1445 2968 Bentleius;
1464 2922 1513 2959 cf.
1531 2928 1668 2959 tamen
1685 2923 1822 2959 Fabia.
1841 2923 2007 2959 Terent.

456 2993 558 3029 Eun.
587 2992 640 3028 ad
670 2991 706 3027 h.
737 3003 774 3027 v.
804 2990 859 3037 (p.
892 2990 969 3039 82).
1498 2986 1501 2988 ’
