2221 3526
1181 271 1239 300 22

432 412 671 458 personas
727 405 924 457 praeter
981 395 1070 440 has
1126 411 1153 439 e
1212 392 1392 439 Colace
1443 393 1730 454 desumptas
1780 408 1888 439 esse
1938 403 1987 439 et

432 476 696 524 nonnullas
756 476 981 523 Eunuchi
1040 474 1332 521 Terentiani
1391 491 1631 535 personas
1682 474 1729 520 in
1782 484 1986 536 utraque

432 559 698 607 Menandri
749 558 913 606 fabula
963 557 1191 605 adfuisse.
1248 557 1416 618 Negat
1467 556 1614 617 igitur
1653 557 1699 603 in
1743 557 1984 603 Eunucho

430 642 576 689 fuisse
634 641 836 688 militem
896 650 978 687 aut
1036 639 1303 701 parasitum
1362 649 1411 684 et
1469 656 1530 685 ne
1589 638 1729 685 rivali
1788 639 1985 701 quidem

432 724 705 772 Phaedriae
747 723 812 770 ibi
852 740 976 784 opus
1015 722 1162 768 fuisse
1202 721 1372 768 credit.
1416 721 1660 767 Concedit
1698 721 1897 783 quidem
1938 721 1985 767 in

433 806 698 855 Menandri
739 805 980 852 Eunucho
1020 804 1236 866 puellam
1276 804 1339 850 ad
1368 803 1677 849 meretricem
1704 803 1851 850 fuisse
1880 821 1986 865 per-

430 891 643 944 ductam,
696 889 783 935 sed
835 888 1085 950 quomodo
1138 887 1232 932 hoc
1282 886 1348 932 ibi
1394 885 1574 932 factum
1614 886 1757 932 fuerit
1794 896 1843 933 et
1882 886 1988 948 quis

430 974 564 1020 dono
602 971 809 1025 dederit,
851 988 1026 1032 porsus
1065 970 1305 1016 incertum
1345 986 1452 1015 esse
1493 968 1764 1016 contendit.
1810 969 1845 1031 Ι)

574 1057 844 1108 REGELIUs,
881 1053 1006 1100 Ihnii
1046 1052 1344 1100 sententiam
1385 1062 1595 1106 secutuS‚
1636 1052 1989 1098 animadvertit

577 1221 612 1270 1)
669 1219 808 1257 Habet
838 1219 941 1256 haec
972 1230 1010 1266 p.
1043 1228 1117 1264 24:
1150 1217 1380 1265 „Equidem
1411 1217 1566 1263 dubito,
1598 1228 1693 1253 num
1715 1216 1753 1253 in
1774 1216 1989 1253 Menandri

428 1286 630 1323 Eunucho
647 1285 749 1322 alter
770 1289 929 1322 amator
950 1284 1072 1320 fuerit
1093 1282 1319 1320 Thrasonis
1342 1281 1579 1319 Terentiani
1602 1282 1725 1318 modo
1744 1294 1751 1327 3
1773 1281 1865 1318 talis
1883 1281 1990 1318 enim

429 1352 461 1389 si
484 1351 695 1397 adfuisset,
719 1349 938 1387 verisimile
961 1354 1026 1386 est
1046 1349 1319 1385 Menandrum
1341 1360 1434 1384 eum
1456 1348 1493 1384 in
1516 1359 1709 1384 scaenam
1730 1347 1990 1383 inducturum

428 1417 568 1454 fuisse.
612 1417 758 1463 Neque
802 1427 902 1452 vero
947 1414 1160 1451 Menandri
1205 1413 1279 1450 fuit
1322 1417 1383 1450 tot
1422 1424 1623 1460 personas
1653 1413 1898 1459 producere.
1931 1413 1990 1448 Ea

427 1483 515 1530 ipsa
553 1482 604 1518 de
645 1492 781 1527 causa,
821 1485 865 1517 ut
899 1479 1037 1527 plures
1068 1491 1270 1527 personas
1300 1481 1339 1514 in
1370 1490 1563 1515 scaenam
1592 1478 1857 1525 produceret,
1889 1489 1986 1514 con-

426 1547 648 1584 taminasse
679 1545 918 1583 Terentium
950 1544 1051 1581 infra
1083 1543 1483 1581 commemorabitur.
1510 1543 1656 1589 Neque
1679 1543 1904 1589 quidquam
1926 1548 1989 1579 est

429 1625 578 1650 causae
609 1611 733 1658 Ihnio‚
765 1622 836 1648 cur
867 1610 1021 1647 iudicet
1051 1610 1089 1646 in
1110 1609 1325 1646 Menandri
1347 1608 1547 1645 Eunucho
1569 1608 1737 1644 militem
1763 1614 1990 1645 amatorem

426 1677 735 1723 Phaedriaeque
766 1675 934 1713 rivalem
964 1675 1102 1712 fuisse.
1134 1674 1238 1711 Nam
1268 1674 1365 1721 quid
1396 1674 1515 1710 affert
1537 1674 1738 1710 adnotans
1760 1685 1841 1709 non
1863 1673 1990 1710 semel

427 1742 671 1779 Eunuchum
701 1746 743 1778 et
772 1741 940 1777 militem
970 1740 1009 1776 in
1039 1740 1187 1776 eadem
1216 1739 1354 1776 fabula
1375 1739 1502 1775 fuisse
1521 1740 1533 1775 P
1555 1737 1686 1775 Rivali
1703 1737 1867 1774 omnino
1886 1750 1990 1785 opus

429 1820 509 1845 non
549 1812 638 1854 est;
679 1806 776 1854 quid
812 1818 892 1843 non
923 1805 1011 1843 fieri
1042 1806 1188 1853 potuit,
1220 1810 1263 1841 ut
1293 1805 1429 1852 aliquo
1461 1805 1585 1841 modo
1615 1803 1721 1840 inter
1750 1803 1991 1840 Phaedriam

429 1878 471 1910 et
508 1872 770 1910 meretr1cem
800 1871 1008 1908 discordia
1039 1876 1240 1916 oreretur,
1271 1870 1450 1907 fortasse
1482 1869 1576 1916 quia
1607 1873 1675 1906 aut
1705 1868 1830 1906 Thais
1850 1899 1989 1905 ......

429 1951 522 1976 eum
561 1938 764 1975 reiecerat
794 1941 864 1974 aut
894 1937 988 1984 quia
1018 1936 1242 1973 Phaedria.
1263 1966 1269 1972 .
1290 1965 1324 1972 ..
1356 1947 1447 1972 eam
1478 1936 1673 1971 deserere
1704 1934 1988 1971 constituerat.

429 2004 548 2040 Hanc
580 2003 694 2040 cuius
724 2003 834 2050 apud
864 2002 1134 2038 Menandrum
1165 2001 1277 2037 initio
1308 2000 1470 2037 fabulae
1500 1999 1653 2036 mentio
1676 1999 1803 2036 fiebat
1824 2011 1991 2036 causam

429 2068 565 2106 omisit
595 2067 816 2105 Terentius
847 2067 1049 2114 aliamque
1081 2066 1281 2103 incertam
1311 2065 1485 2112 reliquit.
1516 2065 1580 2101 Ad
1611 2065 1691 2101 hoc
1721 2064 1876 2112 optime
1898 2076 1991 2112 per-

429 2135 559 2171 tinere
591 2138 690 2181 puto
721 2133 845 2170 Persii
876 2132 960 2169 Sat.
992 2132 1039 2169 V.
1078 2132 1143 2168 161
1179 2131 1295 2178 sqq.”

572 2198 731 2236 Deinde
770 2198 878 2234 idem
917 2196 1205 2234 animadvertit
1235 2209 1273 2244 p.
1305 2198 1379 2243 25:
1412 2196 1531 2242 „Hoc
1562 2195 1602 2244 (i.
1635 2207 1668 2231 e.
1701 2195 1923 2242 parasitum
1954 2195 1991 2231 in

431 2265 538 2301 Men.
583 2264 685 2300 Eun.
731 2262 929 2311 adfuisse)
968 2274 1041 2299 cur
1078 2261 1248 2311 (Ihnius)
1287 2260 1499 2297 existimet
1539 2271 1688 2296 causae
1720 2259 1815 2296 nihil
1846 2260 1991 2305 affert3

432 2329 657 2378 excogitat,
701 2333 745 2365 ut
788 2327 1013 2365 Thrasonis
1055 2326 1367 2373 Gnathonisque
1404 2325 1693 2372 interloquium
1723 2324 1783 2361 ΠΙ.
1822 2335 1835 2361 1
1869 2326 1991 2361 inter-

432 2399 630 2443 pretetur,
668 2406 813 2430 versus
845 2393 937 2430 inde
971 2405 992 2429 a
1022 2403 1073 2439 44
1103 2391 1290 2431 Eunuchi
1320 2391 1533 2428 Menandri
1564 2402 1659 2427 esse
1690 2395 1814 2427 ratus.
1846 2390 1928 2428 Sed
1959 2390 1991 2426 si

432 2465 637 2508 putemus,
677 2460 748 2496 has
788 2470 989 2506 personas
1029 2458 1067 2494 in
1098 2457 1312 2494 Menandri
1343 2456 1542 2493 Eunucho
1574 2455 1699 2492 fuisse
1730 2460 1813 2492 tam
1843 2468 1992 2504 graves

433 2527 622 2572 adeoque
653 2525 703 2562 ad
735 2524 867 2571 ipsum
897 2523 1023 2560 totius
1054 2522 1215 2559 fabulae
1247 2534 1400 2558 nexum
1431 2521 1700 2569 pertinentes,
1731 2521 1770 2557 id
1802 2520 1991 2566 efficitur,

434 2603 505 2628 eas
535 2590 662 2627 multo
693 2589 809 2637 plura
840 2601 963 2636 quam
993 2600 1125 2636 pauca
1155 2588 1256 2624 hacc
1288 2588 1497 2624 locuturas
1529 2586 1667 2632 fuisse,
1699 2586 1854 2633 vixque
1877 2586 1992 2622 intel-

433 2656 581 2705 ligitur,
622 2667 693 2692 cur
732 2654 966 2700 Terentius,
998 2665 1090 2690 cum
1121 2653 1219 2689 satis
1250 2653 1518 2690 verbosarum
1549 2652 1818 2700 graviumque
1849 2663 1992 2699 perso-

434 2733 577 2759 narum
620 2721 657 2757 in
701 2719 900 2756 Eunucho
945 2719 1129 2764 haberet,
1175 2718 1397 2755 adsciverit
1447 2717 1654 2755 Colacem.
1704 2716 1848 2764 Neque
1893 2728 1992 2753 vero

437 2785 748 2824 concedendum
778 2784 952 2830 videtur,
982 2789 1044 2820 tot
1065 2788 1285 2829 tantasque
1310 2782 1347 2819 in
1365 2795 1444 2819 una
1463 2782 1598 2819 fabula
1614 2781 1806 2818 habuisse
1825 2782 1992 2818 Menan-

435 2852 553 2889 drum
582 2851 804 2897 obstatque
835 2855 876 2886 et
906 2849 993 2897 ipse
1024 2848 1244 2885 Terentius
1276 2860 1368 2885 cum
1398 2848 1519 2885 dicit:
1555 2848 1659 2884 »Eas
1691 2859 1735 2884 se
1767 2859 1846 2883 non
1869 2852 1994 2895 negat

435 2916 692 2954 transtulisse
724 2927 745 2952 e
768 2915 961 2959 Colace,⁷'
985 2920 1025 2950 et
1045 2914 1232 2950 Donatus
1251 2925 1341 2950 cum
1359 2914 1529 2950 adnotat
1548 2927 1553 2949 ι
1573 2912 1769 2959 „Parasiti
1788 2924 1992 2959 personae

437 2987 479 3020 et
507 2981 641 3018 militis
673 2981 724 3017 de
755 2980 907 3018 Colace
938 2979 1161 3016 translatae
1193 2983 1286 3015 sunt
1315 2979 1385 3029 tad
1415 2978 1457 3015 II.
1496 2988 1524 3015 Ι.
1558 2978 1662 3025 22).”
