2221 3526
1148 239 1210 296 56

543 377 813 424 Videamus
871 394 1016 431 nunc,
1069 376 1188 438 quid
1241 377 1472 424 Donatus
1524 393 1614 423 nos
1665 377 1843 424 doceat
1892 378 1954 424 de

400 460 679 507 Chremetis
718 476 946 521 persona.

540 543 625 589 Ad
664 543 744 589 ΙΙΙ.
776 559 820 603 3.
859 558 874 588 1
909 540 1151 588 scholium
1181 540 1373 602 legitur,
1410 541 1678 589 conflatum
1706 559 1732 588 e
1760 541 1955 588 (luobus

397 625 596 672 scholiis
635 625 871 673 diversis:
920 641 973 681 „1
1022 624 1249 671 Profecto
1288 634 1476 686 quanto
1510 624 1669 686 magis
1696 625 1954 687 magisque

405 709 626 771 „cogit01
669 709 790 755 haec
829 724 1044 770 persona
1081 708 1215 769 apud
1256 708 1590 754 Menandrum
1623 707 1955 755 adulescentis

405 791 598 848 „rustici
644 802 733 838 est.
784 808 826 837 2.
880 791 946 837 Et
984 790 1349 853 inconsequens
1388 790 1546 837 oratio
1584 801 1674 845 est,
1714 791 1802 837 sed
1841 809 1954 837 con-

404 874 623 931 „ceditur
660 891 827 921 secum
867 873 1186 936 loquentibus
1225 872 1379 920 multa
1417 874 1785 929 transcendere,
1827 891 1954 936 quae

404 958 566 1013 „taciti
616 956 928 1019 intellegunt.
1007 957 1097 1003 Est
1147 956 1278 1002 enim
1331 957 1580 1018 integrum
1633 956 1726 1003 hoc
1777 958 1953 1004 modo:

406 1040 657 1102 „profecto
720 1050 907 1102 quanto
959 1040 1118 1101 magis
1169 1039 1427 1101 magisque
1484 1038 1666 1101 cogito,
1725 1039 1954 1086 nimirum

405 1123 672 1185 „intellego
724 1122 804 1170 vel
857 1123 1060 1169 invenio
1112 1123 1246 1185 quod
1297 1122 1435 1169 dabit
1481 1122 1602 1168 haec
1643 1122 1799 1169 Thais
1837 1123 1956 1169 mihi

405 1223 672 1268 „magnum
731 1205 930 1254 malum.
1002 1205 1171 1252 Potest
1227 1216 1391 1252 autem
1439 1205 1732 1260 „nimirum”
1778 1217 1827 1253 et
1865 1223 1956 1268 pro

405 1289 810 1345 „confirmatione
856 1288 1010 1351 accipi
1051 1299 1104 1335 ut
1143 1288 1263 1335 nihil
1301 1289 1430 1336 desit
1466 1299 1516 1335 et
1554 1288 1616 1335 sit
1660 1288 1954 1344 „nimirum”

403 1372 536 1428 „sine
575 1373 742 1427 dubio,
784 1389 875 1434 pro
914 1371 1100 1420 certo.'’

541 1456 619 1502 De
659 1455 817 1502 altero
857 1454 1046 1502 scholio
1086 1455 1396 1502 GRAUERTUs
1435 1472 1482 1516 p.
1533 1458 1625 1515 156
1667 1465 1798 1501 recte
1838 1455 1957 1502 mihi

393 1539 638 1585 adnotare
679 1539 910 1585 videtur:
970 1538 1142 1594 „Nach
1182 1538 1369 1585 diesem
1417 1536 1552 1593 „est”
1593 1537 1655 1585 ist
1695 1538 1861 1585 Punkt
1899 1557 1955 1585 zu

393 1632 588 1677 setzen;
633 1622 768 1669 nicht
807 1622 899 1668 wie
940 1622 986 1668 in
1028 1622 1124 1668 den
1166 1622 1460 1683 Ausgaben‚
1507 1622 1596 1668 das
1634 1621 1869 1683 folgende
1907 1633 1957 1669 et

394 1706 762 1767 inconsequens
813 1705 971 1752 oratio
1011 1716 1086 1752 est
1124 1704 1258 1751 bloss
1297 1705 1453 1751 durch
1493 1705 1573 1751 ein
1616 1706 1834 1751 Komma
1872 1723 1955 1767 ge-

393 1799 561 1836 trennt
594 1788 751 1835 damit
789 1806 845 1834 zu
886 1788 1181 1835 verbinden.
1246 1789 1395 1834 Denn
1430 1788 1565 1835 diese
1592 1788 1957 1851 inconsequens

393 1872 459 1936 (d.
487 1872 516 1919 i.
548 1871 680 1918 ohne
722 1871 1181 1935 Zusammenhang)
1222 1871 1380 1918 oratio
1419 1870 1509 1917 soll
1550 1871 1629 1918 die
1650 1872 1738 1918 des
1762 1872 1956 1918 Terenz

393 1955 442 2019 (i.
471 1972 514 2002 e.
556 1972 703 2017 quam
745 1955 1014 2002 Terentius
1054 1954 1309 2001 Chremeti
1348 1954 1544 2018 subicit)
1584 1972 1647 2002 an
1687 1955 1775 2001 der
1801 1955 1955 2002 Stelle

393 2038 514 2094 sein,
567 2038 658 2085 wie
709 2038 812 2085 sich
853 2055 942 2085 aus
981 2039 1094 2085 dem
1135 2038 1430 2100 Folgenden
1470 2038 1662 2100 ergibt:
1703 2039 1790 2085 sed
1842 2056 1955 2085 con«

394 2121 584 2168 ceditur
628 2138 671 2169 e.
701 2139 748 2184 q.
778 2139 844 2176 s.;
899 2122 988 2168 auf
1014 2121 1233 2168 dieselbe
1261 2121 1358 2168 Art
1383 2121 1661 2183 gebraucht
1687 2122 1776 2168 der
1802 2122 1955 2169 Scho-

393 2204 504 2251 liast
541 2203 705 2266 gleich
747 2204 930 2251 darauf
960 2203 1323 2266 consequens,''

537 2287 796 2334 BRAuNius
847 2304 893 2349 p.
951 2291 1013 2348 36
1066 2288 1159 2334 hoc
1211 2287 1416 2349 probat:
1470 2288 1656 2342 „Recte
1695 2288 1956 2335 adnotavit

395 2371 685 2425 GrauertuS‚
727 2388 786 2417 ea
824 2388 952 2433 quae
985 2382 1263 2433 sequuntur
1296 2371 1451 2417 verba
1485 2381 1562 2426 „et
1590 2371 1956 2434 inconsequens

394 2454 552 2500 oratio
601 2453 709 2501 est’'
757 2454 1007 2515 pertinere
1046 2455 1109 2500 ad
1150 2453 1497 2509 Terentium'’‚
1538 2455 1626 2500 sed
1667 2471 1766 2501 non
1806 2455 1955 2501 video

395 2538 528 2584 unde
577 2555 625 2584 v.
655 2538 701 2584 d.
754 2537 971 2584 effecerit
1023 2537 1086 2592 id,
1141 2538 1274 2599 quod
1312 2537 1477 2584 addit:
1525 2537 1711 2600 „iisque
1749 2538 1955 2602 (verbis)

393 2620 661 2682 significari
708 2638 837 2683 quae
878 2621 1120 2667 Chremes
1159 2620 1391 2683 loquatur
1429 2622 1491 2668 ad
1531 2621 1635 2668 eius
1674 2622 1807 2668 modi
1848 2639 1954 2683 per-

394 2721 566 2750 sonam
609 2721 707 2750 non
749 2703 1045 2766 quadrare.’'

537 2787 777 2833 Attamen
821 2787 1101 2833 NENCINius
1141 2788 1442 2833 Grauertum
1483 2798 1531 2834 et
1567 2788 1834 2834 Braunium
1869 2788 1953 2834 im-

395 2880 588 2932 pugnat
626 2881 675 2916 et
716 2870 837 2916 haec
877 2870 1033 2916 verba
1073 2870 1295 2917 refellere
1334 2881 1542 2917 conatur
1575 2888 1622 2932 p.
1654 2875 1718 2917 86
1762 2881 1862 2917 not.
1898 2887 1952 2917 2:

402 2953 502 3009 „At
540 2953 751 3016 quadrat
791 2970 938 3016 quam
981 2953 1194 3000 maxime
1234 2953 1281 2999 in
1324 2953 1556 3000 rusticum
1591 2964 1640 3000 et
1667 2952 1953 3000 adulescen-
