2221 3526
1157 273 1217 330 78

553 413 629 458 Ex
680 412 750 465 iis,
804 428 928 474 quae
980 412 1040 458 V.
1097 415 1224 457 1—6
1265 422 1494 472 aguntur,
1537 412 1847 458 manifestum
1887 422 1962 458 est

409 512 493 541 eas
531 512 734 541 scaenas
774 495 1020 556 pertinere
1059 495 1123 540 ad
1162 494 1471 542 Eunuchum.
1525 495 1644 542 Post
1682 495 1961 542 Chremetis

410 577 765 639 profectionem
806 577 962 623 Thais
1001 576 1147 622 valde
1175 588 1422 624 commota
1449 594 1557 623 cum
1593 578 1771 639 Pythia
1797 577 1962 638 prodit

410 661 492 723 (V.
530 662 588 722 Ι).
648 661 829 721 Rogat,
873 676 1023 721 quare
1065 659 1321 720 Pamphila
1360 659 1581 706 lacrimet
1621 677 1781 722 neque
1815 660 1961 706 inter-

410 754 585 804 rogata
636 743 950 803 respondeat.
1029 740 1151 787 Cum
1207 741 1424 803 Pythias,
1478 742 1686 803 virginis
1736 742 1960 788 iniuriam

409 825 603 872 disertis
641 825 807 870 verbis
841 824 1057 870 indicare
1087 841 1185 870 non
1214 841 1346 877 ausa,
1376 836 1542 870 narret
1569 841 1678 871 eam
1707 824 1961 870 Chaereae

408 925 498 970 pro
548 907 773 953 eunucho
825 906 1136 952 commissam
1175 923 1298 961 esse,
1341 907 1445 968 ipse
1486 907 1711 953 Chaerea
1749 907 1961 953 eunuchi

410 1001 548 1037 veste
587 991 809 1036 nondum
849 999 998 1035 exuta
1026 989 1168 1052 (907)
1210 990 1245 1053 Ι)
1273 989 1478 1037 advenit
1504 990 1586 1053 (V.
1621 990 1683 1053 2).
1727 989 1960 1052 Quicum

407 1090 435 1120 a
476 1073 670 1120 Thaide
710 1071 956 1119 audiverit
996 1072 1304 1134 Pamphilam
1344 1089 1451 1119 esse
1491 1073 1666 1127 civem,
1702 1072 1962 1134 pollicetur

407 1173 459 1202 se
509 1173 617 1203 eam
667 1172 869 1202 uxorem
921 1156 1176 1202 ducturum
1226 1172 1333 1201 esse
1378 1166 1428 1202 et
1478 1155 1744 1202 Chremete
1783 1171 1960 1217 appro-

407 1240 678 1302 pinquante
718 1256 826 1285 cum
861 1238 1117 1285 meretrice
1145 1239 1346 1285 domum
1375 1238 1541 1286 intrat.
1573 1239 1770 1285 Deinde
1798 1239 1880 1302 (V.
1913 1238 1961 1299 3)

408 1323 611 1384 Pythias
662 1322 942 1368 Chremetis
980 1339 1089 1368 cum
1131 1322 1318 1368 nutrice
1356 1323 1627 1369 adventurn
1666 1333 1962 1384 exspectans

406 1422 570 1451 secum
599 1415 810 1466 reputat,
841 1405 1090 1467 quomodo
1120 1405 1498 1459 Parmenonem,
1523 1405 1775 1452 turbarum
1798 1415 1960 1451 aucto-

406 1505 524 1542 rem,
565 1488 738 1550 punire
778 1488 947 1549 possit.
1002 1487 1267 1534 Chremete
1308 1488 1587 1535 introducto
1627 1488 1732 1550 ipsa
1766 1504 1960 1550 quoque

407 1572 767 1618 Parmenonem
807 1572 1134 1633 prodeuntem
1174 1571 1350 1618 videns
1389 1572 1589 1618 domurn
1629 1571 1793 1618 intrat.

548 1655 687 1717 Quae
740 1655 996 1701 BRAUNIUS
1046 1672 1094 1716 p.
1150 1657 1211 1715 38
1265 1656 1328 1702 de
1385 1655 1460 1701 his
1517 1655 1708 1701 scaenis
1758 1654 1958 1716 profert,

406 1738 566 1784 minus
604 1748 735 1784 recte
774 1755 826 1784 se
865 1738 1067 1785 habent.
1111 1738 1267 1784 Thais
1305 1738 1422 1785 dicit
1462 1738 1522 1785 V.
1555 1755 1596 1784 2.
1629 1741 1738 1788 66:.
1770 1738 1960 1792 „Adest

405 1832 607 1883 optume
670 1821 774 1882 ipse
837 1821 987 1868 frater
1019 1822 1060 1884 2)
1124 1821 1228 1884 (scil
1284 1820 1587 1883 Pamphilae,
1648 1819 1957 1885 Chremes).'’

406 1905 460 1951 In
515 1905 701 1951 Donati
753 1904 940 1951 scholio
987 1905 1050 1951 ad
1091 1905 1151 1952 V.
1197 1921 1220 1950 2
1267 1908 1329 1963 69
1371 1904 1399 1951 i.
1429 1904 1458 1951 f.
1502 1904 1741 1950 Braunius
1781 1903 1959 1965 legisse

405 1988 627 2034 videtur:
676 2027 694 2043 „
725 2027 734 2035 .
760 2026 768 2034 .
796 2027 805 2035 .
831 2026 840 2034 .
882 1987 1079 2052 (Thais)
1138 2004 1297 2051 neque
1355 1988 1461 2049 ipsa
1518 1988 1794 2049 ingreditur
1851 2004 1958 2034 cum

412 2071 668 2125 „Chaerea
718 2087 879 2133 neque
918 2070 1112 2132 ingredi
1151 2070 1291 2117 simul
1332 2070 1571 2133 permittit
1610 2069 1956 2123 Phaedriam‚’'

404 2155 535 2201 unde
597 2154 780 2200 efficias
841 2153 989 2201 etiam
1046 2172 1094 2202 v.
1151 2158 1214 2201 66
1272 2153 1587 2200 scholiastam
1647 2154 1956 2208 Phaedriam,

406 2237 660 2285 Chaereae
688 2238 903 2291 fratrem,
933 2237 1213 2299 significare
1240 2237 1470 2285 voluisse.
1513 2237 1636 2284 Cum
1665 2248 1831 2284 tamen
1856 2238 1959 2284 fieri

406 2338 504 2367 non
558 2321 726 2382 possit,
768 2332 820 2368 ut
859 2321 1103 2367 Phaedria
1144 2321 1236 2367 hoc
1276 2321 1383 2368 loco
1423 2321 1676 2383 prodierit,
1720 2321 1958 2367 Braunius

405 2414 574 2451 censet
625 2421 723 2450 non
776 2404 1101 2450 dubitandum
1146 2421 1270 2459 esse,
1318 2404 1463 2467 „quin
1505 2404 1662 2450 Thais
1701 2404 1795 2450 hoc
1833 2403 1956 2458 1060,

553 2592 588 2641 1)
645 2591 706 2630 Cf.
740 2592 927 2629 Donatus
968 2593 1018 2629 ad
1054 2592 1101 2629 V.
1134 2602 1169 2629 2.
1206 2602 1243 2628 1:
1285 2591 1433 2639 „Apud
1468 2592 1747 2639 Antiphonem
1776 2605 1814 2629 u.
1836 2604 1886 2629 m.
1918 2598 1959 2630 et

404 2669 451 2705 p:
495 2657 660 2694 rediens
704 2658 741 2694 in
784 2657 972 2694 viciniam
1017 2669 1131 2694 suam
1177 2668 1322 2694 causas
1362 2658 1497 2694 reddit
1538 2657 1736 2703 Chaerea,
1776 2668 1847 2693 6111·
1877 2669 1958 2694 11011

403 2723 623 2759 mutaverit
651 2727 824 2759 vestem.
857 2722 1052 2769 Oportuit
1082 2727 1219 2758 autem
1249 2727 1290 2758 et
1322 2722 1399 2758 iam
1421 2734 1442 2758 e
1464 2734 1508 2759 re
1531 2723 1761 2771 argumenti
1783 2722 1857 2759 fuit
1878 2735 1958 2759 non

403 2792 597 2833 mutasse,
635 2793 680 2824 ut
716 2800 809 2824 eum
848 2787 1007 2825 videret
1037 2787 1234 2824 meretrix
1267 2798 1358 2823 cum
1387 2788 1495 2835 turpi
1525 2788 1666 2824 habitu
1697 2787 1958 2824 incedentem

404 2857 448 2889 ut
477 2865 592 2889 reum
620 2853 787 2890 vitiatae
818 2853 1023 2901 virginis.''

546 2943 586 2991 2)
642 2942 828 2979 Donatus
858 2942 909 2979 ad
939 2942 976 2979 h.
1006 2955 1051 2980 v:
1084 2941 1243 2988 „Adest
1272 2942 1426 2991 optime
1457 2942 1544 2989 ipse
1575 2941 1721 2979 frater:
1749 2942 1957 2989 „optime”

405 3012 639 3054 opportune
679 3013 719 3044 et
749 3020 828 3044 non
860 3008 1042 3044 additum
1073 3008 1186 3044 cuius
1217 3007 1355 3053 frater,
1386 3012 1530 3054 utpote
1561 3008 1599 3043 in
1629 3019 1673 3044 re
1702 3007 1956 3044 manifesta.''
