2221 3526
1166 231 1222 272 16

415 381 512 410 non
577 366 806 417 reddunt,
876 383 1003 428 quae
1066 366 1302 426 leguntur
1364 368 1412 414 in
1480 369 1571 415 hac
1628 387 1823 424 scaena,
1885 372 1966 418 ubi

414 446 656 493 Phaedria
683 447 925 494 deliberat
946 467 1055 495 cum
1081 450 1393 498 Parmenone
1420 468 1582 507 servo,
1606 453 1689 515 qui
1711 463 1966 514 postremo

411 529 455 575 ei
493 531 683 584 suadet,
726 541 777 577 ut
808 530 1054 593 relinquat
1088 532 1312 580 amicam.
1344 534 1550 581 Etiamsi
1578 552 1689 581 cum
1721 536 1966 582 Nencinio

409 611 476 674 (p.
520 612 604 675 95)
644 630 935 659 censeamus
975 614 1268 661 Terentium
1307 616 1592 671 resecuisse,
1628 628 1794 664 tamen
1823 635 1964 665 oeco-

410 695 575 741 nomia
630 696 804 741 eadem
864 706 1045 743 manet.
1121 697 1267 743 Hanc
1324 698 1589 746 scholiasta
1651 700 1966 762 negligenter

410 776 595 823 rettulit
635 794 795 839 neque
835 777 984 837 igitur
1022 779 1205 840 dignus
1244 790 1333 834 est,
1370 781 1446 827 cui
1481 781 1628 828 fidem
1662 783 1962 839 habeamus;

409 859 513 904 eius
545 859 699 906 verba
739 859 899 914 „hunc
933 860 1095 907 locum
1130 862 1191 908 de
1226 862 1492 910 Menandri
1516 864 1760 911 Eunucho
1781 866 1962 913 traxit''

409 959 506 987 non
548 942 706 1002 magis
745 953 974 989 accurata
1015 943 1247 991 habenda
1287 956 1402 992 sunt
1441 963 1589 1008 quam
1630 948 1786 994 verba
1825 966 1961 1010 „per-

407 1041 558 1070 sonae
621 1024 909 1072 immutatae
973 1025 1120 1073 sunt”
1187 1044 1278 1088 pro
1349 1029 1581 1083 „nomina
1638 1047 1962 1091 personarum

407 1106 665 1153 immutata
704 1106 869 1155 sunt.’'

548 1190 743 1236 Persius
793 1190 1010 1253 loquitur
1064 1192 1111 1238 in
1162 1193 1253 1239 hac
1293 1205 1433 1255 parte
1472 1195 1703 1241 carminis
1742 1197 1803 1243 de
1843 1214 1963 1244 vera

404 1272 630 1319 libertate
683 1275 1000 1337 ostenditque
1053 1276 1302 1322 neminem
1357 1295 1531 1324 revera
1581 1295 1689 1325 esse
1735 1279 1960 1328 liberum.

404 1357 515 1403 Vss.
583 1361 853 1417 125-—156
913 1370 1169 1420 comparat
1229 1376 1445 1415 servum,
1504 1362 1691 1408 domini
1754 1363 1962 1425 imperio

401 1440 670 1493 subditum,
718 1458 828 1487 cum
864 1441 1065 1488 homine
1100 1443 1454 1504 cupiditatibus
1488 1444 1615 1491 inter
1648 1462 1700 1491 se
1735 1463 1961 1507 pugnan-

401 1523 532 1569 tibus
583 1524 816 1571 obnoxiO.
872 1525 1071 1571 Revera
1123 1525 1200 1572 hic
1246 1543 1345 1572 non
1387 1527 1628 1573 minorem
1668 1529 1959 1576 servitutem

399 1606 552 1652 servit
615 1624 761 1668 quam
827 1606 938 1653 ille!
1000 1609 1143 1672 (130)
1217 1610 1414 1656 Deinde
1481 1615 1754 1670 157—160
1811 1623 1960 1673 poeta

399 1689 616 1736 ostendit
655 1690 951 1751 cupiditates
990 1702 1133 1738 tanta
1173 1692 1221 1738 vi
1268 1693 1533 1740 obstrictos
1573 1711 1663 1740 nos
1690 1705 1875 1749 tenere,
1907 1707 1959 1742 ut

397 1773 685 1834 saepissime
726 1773 820 1828 ille,
863 1774 946 1836 qui
985 1791 1155 1821 earum
1198 1776 1424 1823 servituti
1465 1794 1573 1823 sese
1611 1778 1803 1839 eripere
1843 1797 1958 1826 con—

398 1856 624 1910 stituerit,
661 1867 826 1903 tamen
863 1858 1094 1904 omnibus
1129 1859 1317 1905 viribus
1354 1860 1439 1907 niti
1473 1861 1669 1916 debeat,
1695 1879 1755 1908 ne
1780 1862 1956 1909 iterum

398 1940 454 1985 iis
505 1940 808 1987 succumbat.
865 1941 1101 2003 Sequitur
1154 1953 1322 1989 noster
1361 1942 1512 1998 locus,
1555 1962 1701 2006 quem
1742 1946 1956 2008 exempli

396 2022 557 2082 gratia
607 2023 829 2069 additum
886 2024 922 2087 Ι)
977 2042 1087 2071 meo
1127 2025 1327 2087 quidem
1369 2026 1548 2073 iudicio
1587 2027 1655 2074 sic
1695 2028 1956 2090 intellegas

398 2122 598 2152 necesse
638 2117 744 2153 est:
787 2107 1184 2162 Chaerestratus,
1227 2126 1374 2171 quem
1415 2110 1572 2172 turpis
1611 2111 1743 2157 vitae
1785 2113 1953 2173 pudet,

396 2189 602 2235 amicam
643 2190 871 2236 deserere
906 2191 1175 2238 constituit.
1215 2192 1297 2238 Ab
1330 2210 1389 2240 ea
1416 2204 1584 2240 tamen
1619 2206 1882 2242 revocatus
1913 2198 1955 2260 2)

395 2273 621 2319 dubitare
691 2273 860 2335 incipit
924 2291 1226 2338 servumque
1287 2277 1488 2323 Davum
1546 2278 1773 2326 consulit.
1852 2280 1953 2327 Iam

395 2356 726 2402 dubitantium
763 2374 898 2403 more
933 2358 1107 2413 causis,
1133 2359 1314 2421 quibus
1336 2359 1576 2421 impulsus
1598 2361 1954 2424 relinquendae

394 2438 580 2484 amicae
615 2438 871 2485 consilium
907 2441 1093 2502 ceperit
1115 2441 1452 2506 (163—«166y
1478 2444 1719 2490 rationem
1743 2447 1953 2507 opponit

395 2522 634 2568 redeundi
673 2521 916 2585 (dolorem
957 2524 1159 2579 amicae,
1210 2526 1339 2589 168).

536 2605 851 2668 Quamquam
895 2607 1213 2654 Hartmanno
1254 2609 1448 2670 putanti
1488 2611 1549 2656 de
1590 2627 1640 2657 re
1681 2611 1828 2673 plane
1857 2613 1951 2660 alia

392 2703 542 2748 agere
596 2688 816 2735 Persium
869 2706 925 2736 ac
979 2690 1271 2737 Terentium
1311 2702 1360 2738 et
1401 2692 1682 2749 Horatium,
1724 2696 1951 2742 assentiri

540 2864 574 2905 Ι)
632 2864 692 2903 Cf.
724 2865 830 2903 Edit.
861 2866 1001 2914 Jahnii.
1034 2867 1192 2905 Comm.
1225 2869 1288 2905 ad.
1320 2868 1356 2906 h.
1388 2869 1411 2906 l.
1441 2870 1497 2919 (p.
1529 2872 1634 2919 206).

535 2954 573 2993 2)
632 2953 686 2992 Cf
711 2967 746 2991 v.
786 2962 881 3002 157:
914 2956 1091 3001 instanti,
1122 2962 1163 2993 et
1193 2969 1229 2993 v.
1270 2964 1365 3003 172:
1398 2970 1629 2997 nuncsscum
1658 2966 1853 2998 arcessat.
