<?xml version="1.0" encoding="UTF-8"?>
<!DOCTYPE html PUBLIC "-//W3C//DTD XHTML 1.0 Transitional//EN"
    "http://www.w3.org/TR/xhtml1/DTD/xhtml1-transitional.dtd">
<html xmlns="http://www.w3.org/1999/xhtml" xml:lang="en" lang="en">
 <head>
  <title>
</title>
<meta http-equiv="Content-Type" content="text/html;charset=utf-8" />
  <meta name='ocr-system' content='tesseract 3.04.00' />
  <meta name='ocr-capabilities' content='ocr_page ocr_carea ocr_par ocr_line ocrx_word'/>
</head>
<body>
  <div class='ocr_page' id='page_1' title='image "./deeunuchiterenti00oudeuoft_0090.png"; bbox 0 0 2221 3526; ppageno 0'>
   <div class='ocr_carea' id='block_1_1' title="bbox 1133 245 1194 301">
    <p class='ocr_par' dir='ltr' id='par_1_1' title="bbox 1133 245 1194 301">
     <span class='ocr_line' id='line_1_1' title="bbox 1133 245 1194 301; baseline 0 -12"><span class='ocrx_word' id='word_1_1' title='bbox 1133 245 1194 301; x_wconf 90' lang='lat'>76</span> 
     </span>
    </p>
   </div>
   <div class='ocr_carea' id='block_1_2' title="bbox 381 381 1941 2188">
    <p class='ocr_par' dir='ltr' id='par_1_2' title="bbox 384 381 1940 942">
     <span class='ocr_line' id='line_1_2' title="bbox 386 381 1937 445; baseline 0.001 -16"><span class='ocrx_word' id='word_1_2' title='bbox 386 383 549 437; x_wconf 87' lang='lat' dir='ltr'>fuisse,</span> <span class='ocrx_word' id='word_1_3' title='bbox 592 394 644 430; x_wconf 88' lang='lat' dir='ltr'>ut</span> <span class='ocrx_word' id='word_1_4' title='bbox 680 383 876 438; x_wconf 84' lang='lat' dir='ltr'>Dorias,</span> <span class='ocrx_word' id='word_1_5' title='bbox 906 400 1032 445; x_wconf 87' lang='lat' dir='ltr'>quae</span> <span class='ocrx_word' id='word_1_6' title='bbox 1060 381 1206 444; x_wconf 88' lang='lat' dir='ltr'>paulo</span> <span class='ocrx_word' id='word_1_7' title='bbox 1233 393 1349 429; x_wconf 82' lang='lat' dir='ltr'>ante</span> <span class='ocrx_word' id='word_1_8' title='bbox 1378 382 1695 430; x_wconf 78' lang='lat' dir='ltr'>Chremetem</span> <span class='ocrx_word' id='word_1_9' title='bbox 1724 383 1937 430; x_wconf 83' lang='lat' dir='ltr'>deduxe-</span> 
     </span>
     <span class='ocr_line' id='line_1_3' title="bbox 387 465 1940 520; baseline 0 -9"><span class='ocrx_word' id='word_1_10' title='bbox 387 465 447 512; x_wconf 85' lang='lat' dir='ltr'>rit</span> <span class='ocrx_word' id='word_1_11' title='bbox 496 466 559 512; x_wconf 93' lang='lat' dir='ltr'>ad</span> <span class='ocrx_word' id='word_1_12' title='bbox 611 466 829 520; x_wconf 88' lang='lat' dir='ltr'>militem,</span> <span class='ocrx_word' id='word_1_13' title='bbox 881 466 965 513; x_wconf 84' lang='lat' dir='ltr'>IV.</span> <span class='ocrx_word' id='word_1_14' title='bbox 1028 482 1041 511; x_wconf 94' lang='lat'>1</span> <span class='ocrx_word' id='word_1_15' title='bbox 1102 465 1301 512; x_wconf 89' lang='lat' dir='ltr'>redierit</span> <span class='ocrx_word' id='word_1_16' title='bbox 1350 475 1414 519; x_wconf 89' lang='lat' dir='ltr'>et,</span> <span class='ocrx_word' id='word_1_17' title='bbox 1467 483 1578 512; x_wconf 88' lang='lat' dir='ltr'>cum</span> <span class='ocrx_word' id='word_1_18' title='bbox 1619 465 1753 512; x_wconf 89' lang='lat' dir='ltr'>nulla</span> <span class='ocrx_word' id='word_1_19' title='bbox 1790 482 1940 512; x_wconf 89' lang='lat' dir='ltr'>causa</span> 
     </span>
     <span class='ocr_line' id='line_1_4' title="bbox 385 547 1938 602; baseline 0 -8"><span class='ocrx_word' id='word_1_20' title='bbox 385 548 560 595; x_wconf 87' lang='lat' dir='ltr'>domus</span> <span class='ocrx_word' id='word_1_21' title='bbox 617 548 877 596; x_wconf 80' lang='lat' dir='ltr'>intrandae</span> <span class='ocrx_word' id='word_1_22' title='bbox 933 558 1078 602; x_wconf 90' lang='lat' dir='ltr'>esset,</span> <span class='ocrx_word' id='word_1_23' title='bbox 1132 548 1179 594; x_wconf 90' lang='lat' dir='ltr'>in</span> <span class='ocrx_word' id='word_1_24' title='bbox 1232 565 1412 595; x_wconf 90' lang='lat' dir='ltr'>scaena</span> <span class='ocrx_word' id='word_1_25' title='bbox 1463 547 1769 602; x_wconf 82' lang='lat' dir='ltr'>remanserit,</span> <span class='ocrx_word' id='word_1_26' title='bbox 1820 548 1938 594; x_wconf 90' lang='lat' dir='ltr'>dum</span> 
     </span>
     <span class='ocr_line' id='line_1_5' title="bbox 386 630 1938 693; baseline -0.001 -16"><span class='ocrx_word' id='word_1_27' title='bbox 386 630 631 678; x_wconf 88' lang='lat' dir='ltr'>Phaedria</span> <span class='ocrx_word' id='word_1_28' title='bbox 671 631 755 679; x_wconf 89' lang='lat' dir='ltr'>IV.</span> <span class='ocrx_word' id='word_1_29' title='bbox 801 648 824 677; x_wconf 84' lang='lat'>2</span> <span class='ocrx_word' id='word_1_30' title='bbox 867 631 1110 693; x_wconf 87' lang='lat' dir='ltr'>loquatur,</span> <span class='ocrx_word' id='word_1_31' title='bbox 1151 641 1200 677; x_wconf 92' lang='lat' dir='ltr'>et</span> <span class='ocrx_word' id='word_1_32' title='bbox 1234 631 1414 678; x_wconf 90' lang='lat' dir='ltr'>deinde</span> <span class='ocrx_word' id='word_1_33' title='bbox 1442 648 1553 677; x_wconf 91' lang='lat' dir='ltr'>cum</span> <span class='ocrx_word' id='word_1_34' title='bbox 1581 648 1640 678; x_wconf 94' lang='lat' dir='ltr'>eo</span> <span class='ocrx_word' id='word_1_35' title='bbox 1667 641 1716 677; x_wconf 92' lang='lat' dir='ltr'>et</span> <span class='ocrx_word' id='word_1_36' title='bbox 1744 630 1938 692; x_wconf 82' lang='lat' dir='ltr'>Pythia,</span> 
     </span>
     <span class='ocr_line' id='line_1_6' title="bbox 384 713 1938 776; baseline 0 -17"><span class='ocrx_word' id='word_1_37' title='bbox 384 714 597 760; x_wconf 88' lang='lat' dir='ltr'>eunuchi</span> <span class='ocrx_word' id='word_1_38' title='bbox 648 714 865 761; x_wconf 86' lang='lat' dir='ltr'>facinore</span> <span class='ocrx_word' id='word_1_39' title='bbox 916 713 1085 760; x_wconf 87' lang='lat' dir='ltr'>audito</span> <span class='ocrx_word' id='word_1_40' title='bbox 1137 713 1242 776; x_wconf 85' lang='lat' dir='ltr'>(IV.</span> <span class='ocrx_word' id='word_1_41' title='bbox 1292 714 1356 776; x_wconf 85' lang='lat'>3),</span> <span class='ocrx_word' id='word_1_42' title='bbox 1411 713 1684 760; x_wconf 89' lang='lat' dir='ltr'>Phaedriae</span> <span class='ocrx_word' id='word_1_43' title='bbox 1735 714 1938 759; x_wconf 87' lang='lat' dir='ltr'>domum</span> 
     </span>
     <span class='ocr_line' id='line_1_7' title="bbox 385 795 1938 857; baseline -0.001 -14"><span class='ocrx_word' id='word_1_44' title='bbox 385 796 545 853; x_wconf 90' lang='lat' dir='ltr'>iverit,</span> <span class='ocrx_word' id='word_1_45' title='bbox 586 796 668 843; x_wconf 88' lang='lat' dir='ltr'>ubi</span> <span class='ocrx_word' id='word_1_46' title='bbox 707 814 733 843; x_wconf 94' lang='lat' dir='ltr'>e</span> <span class='ocrx_word' id='word_1_47' title='bbox 773 813 894 843; x_wconf 88' lang='lat' dir='ltr'>vero</span> <span class='ocrx_word' id='word_1_48' title='bbox 933 796 1162 842; x_wconf 86' lang='lat' dir='ltr'>eunucho</span> <span class='ocrx_word' id='word_1_49' title='bbox 1202 806 1511 857; x_wconf 80' lang='lat' dir='ltr'>cognoscunt</span> <span class='ocrx_word' id='word_1_50' title='bbox 1544 795 1799 843; x_wconf 88' lang='lat' dir='ltr'>Chaereae</span> <span class='ocrx_word' id='word_1_51' title='bbox 1827 795 1938 842; x_wconf 92' lang='lat' dir='ltr'>Par-</span> 
     </span>
     <span class='ocr_line' id='line_1_8' title="bbox 385 878 1523 942; baseline 0 -16"><span class='ocrx_word' id='word_1_52' title='bbox 385 879 708 941; x_wconf 87' lang='lat' dir='ltr'>menonisque</span> <span class='ocrx_word' id='word_1_53' title='bbox 746 878 973 925; x_wconf 90' lang='lat' dir='ltr'>dolosum</span> <span class='ocrx_word' id='word_1_54' title='bbox 1013 878 1270 925; x_wconf 89' lang='lat' dir='ltr'>consilium</span> <span class='ocrx_word' id='word_1_55' title='bbox 1311 879 1416 942; x_wconf 89' lang='lat' dir='ltr'><strong>(IV.</strong></span> <span class='ocrx_word' id='word_1_56' title='bbox 1457 879 1523 942; x_wconf 87' lang='lat'>4).</span> 
     </span>
    </p>

    <p class='ocr_par' dir='ltr' id='par_1_3' title="bbox 381 960 1941 2188">
     <span class='ocr_line' id='line_1_9' title="bbox 525 960 1937 1023; baseline -0.001 -15"><span class='ocrx_word' id='word_1_57' title='bbox 525 961 609 1008; x_wconf 82' lang='lat' dir='ltr'>Ad</span> <span class='ocrx_word' id='word_1_58' title='bbox 650 962 733 1008; x_wconf 90' lang='lat' dir='ltr'>IV.</span> <span class='ocrx_word' id='word_1_59' title='bbox 775 977 822 1021; x_wconf 85' lang='lat'>4.</span> <span class='ocrx_word' id='word_1_60' title='bbox 869 977 928 1007; x_wconf 87' lang='lat'>22</span> <span class='ocrx_word' id='word_1_61' title='bbox 973 961 1202 1008; x_wconf 82' lang='lat' dir='ltr'>Donatus</span> <span class='ocrx_word' id='word_1_62' title='bbox 1235 960 1429 1023; x_wconf 80' lang='lat' dir='ltr'>scripsit</span> <span class='ocrx_word' id='word_1_63' title='bbox 1456 961 1503 1008; x_wconf 91' lang='lat' dir='ltr'>in</span> <span class='ocrx_word' id='word_1_64' title='bbox 1533 961 1696 1022; x_wconf 83' lang='lat' dir='ltr'>priore</span> <span class='ocrx_word' id='word_1_65' title='bbox 1722 961 1937 1008; x_wconf 88' lang='lat' dir='ltr'>scholio:</span> 
     </span>
     <span class='ocr_line' id='line_1_10' title="bbox 391 1043 1940 1106; baseline 0 -16"><span class='ocrx_word' id='word_1_66' title='bbox 391 1044 601 1100; x_wconf 87' lang='lat' dir='ltr'>„Colore</span> <span class='ocrx_word' id='word_1_67' title='bbox 641 1043 950 1091; x_wconf 89' lang='lat' dir='ltr'>mustellino:</span> <span class='ocrx_word' id='word_1_68' title='bbox 991 1044 1176 1091; x_wconf 85' lang='lat' dir='ltr'>erravit</span> <span class='ocrx_word' id='word_1_69' title='bbox 1217 1044 1482 1091; x_wconf 87' lang='lat' dir='ltr'>Terentius</span> <span class='ocrx_word' id='word_1_70' title='bbox 1523 1061 1622 1090; x_wconf 91' lang='lat' dir='ltr'>non</span> <span class='ocrx_word' id='word_1_71' title='bbox 1656 1043 1940 1106; x_wconf 84' lang='lat' dir='ltr'>intelligens</span> 
     </span>
     <span class='ocr_line' id='line_1_11' title="bbox 391 1123 1940 1194; baseline -0.001 -20"><span class='ocrx_word' id='word_1_72' title='bbox 391 1127 799 1183; x_wconf 86' lang='lat' dir='ltr'>„Menandricum</span> <span class='ocrx_word' id='word_1_73' title='bbox 841 1126 958 1174; x_wconf 90' lang='lat' dir='ltr'>illud</span> <span class='ocrx_word' id='word_1_74' title='bbox 1004 1123 1159 1182; x_wconf 59' lang='grc' dir='ltr'>»αὐτός</span> <span class='ocrx_word' id='word_1_75' title='bbox 1198 1125 1306 1173; x_wconf 75' lang='grc' dir='ltr'>ἐστιν</span> <span class='ocrx_word' id='word_1_76' title='bbox 1336 1126 1372 1190; x_wconf 91' lang='lat'>1)</span> <span class='ocrx_word' id='word_1_77' title='bbox 1412 1124 1625 1189; x_wconf 77' lang='grc' dir='ltr'>γαλεώτης</span> <span class='ocrx_word' id='word_1_78' title='bbox 1662 1126 1831 1194; x_wconf 71' lang='grc' dir='ltr'>γε’ρων.”</span> <span class='ocrx_word' id='word_1_79' title='bbox 1872 1126 1940 1174; x_wconf 90' lang='lat' dir='ltr'>ait</span> 
     </span>
     <span class='ocr_line' id='line_1_12' title="bbox 389 1209 1940 1272; baseline -0.001 -15"><span class='ocrx_word' id='word_1_80' title='bbox 389 1221 582 1265; x_wconf 87' lang='lat' dir='ltr'>„autem</span> <span class='ocrx_word' id='word_1_81' title='bbox 622 1209 918 1264; x_wconf 86' lang='lat' dir='ltr'>stellionem,</span> <span class='ocrx_word' id='word_1_82' title='bbox 961 1210 1093 1272; x_wconf 87' lang='lat' dir='ltr'>quod</span> <span class='ocrx_word' id='word_1_83' title='bbox 1121 1209 1303 1256; x_wconf 88' lang='lat' dir='ltr'>animal</span> <span class='ocrx_word' id='word_1_84' title='bbox 1332 1209 1546 1256; x_wconf 89' lang='lat' dir='ltr'>lacertae</span> <span class='ocrx_word' id='word_1_85' title='bbox 1576 1227 1676 1256; x_wconf 90' lang='lat' dir='ltr'>non</span> <span class='ocrx_word' id='word_1_86' title='bbox 1704 1209 1940 1257; x_wconf 86' lang='lat' dir='ltr'>dissimile</span> 
     </span>
     <span class='ocr_line' id='line_1_13' title="bbox 390 1292 1939 1355; baseline -0.001 -15"><span class='ocrx_word' id='word_1_87' title='bbox 390 1304 493 1347; x_wconf 86' lang='lat' dir='ltr'>„est</span> <span class='ocrx_word' id='word_1_88' title='bbox 533 1292 783 1340; x_wconf 88' lang='lat' dir='ltr'>maculoso</span> <span class='ocrx_word' id='word_1_89' title='bbox 823 1292 986 1348; x_wconf 89' lang='lat' dir='ltr'>corio;</span> <span class='ocrx_word' id='word_1_90' title='bbox 1035 1309 1247 1355; x_wconf 88' lang='lat' dir='ltr'>namque</span> <span class='ocrx_word' id='word_1_91' title='bbox 1287 1293 1350 1339; x_wconf 89' lang='lat' dir='ltr'>ad</span> <span class='ocrx_word' id='word_1_92' title='bbox 1390 1292 1438 1339; x_wconf 89' lang='lat' dir='ltr'>id</span> <span class='ocrx_word' id='word_1_93' title='bbox 1476 1309 1635 1354; x_wconf 81' lang='lat' dir='ltr'>genus</span> <span class='ocrx_word' id='word_1_94' title='bbox 1673 1292 1820 1340; x_wconf 91' lang='lat' dir='ltr'>facies</span> <span class='ocrx_word' id='word_1_95' title='bbox 1859 1310 1939 1339; x_wconf 83' lang='lat' dir='ltr'>ex-</span> 
     </span>
     <span class='ocr_line' id='line_1_14' title="bbox 389 1375 1941 1439; baseline -0.001 -15"><span class='ocrx_word' id='word_1_96' title='bbox 389 1376 642 1439; x_wconf 86' lang='lat' dir='ltr'>„primitur</span> <span class='ocrx_word' id='word_1_97' title='bbox 680 1376 1018 1424; x_wconf 87' lang='lat' dir='ltr'>eunuchorum</span> <span class='ocrx_word' id='word_1_98' title='bbox 1058 1376 1294 1438; x_wconf 87' lang='lat' dir='ltr'>corporis,</span> <span class='ocrx_word' id='word_1_99' title='bbox 1335 1376 1448 1438; x_wconf 85' lang='lat' dir='ltr'>quia</span> <span class='ocrx_word' id='word_1_100' title='bbox 1487 1375 1709 1439; x_wconf 85' lang='lat' dir='ltr'>plerique</span> <span class='ocrx_word' id='word_1_101' title='bbox 1748 1376 1941 1438; x_wconf 79' lang='lat' dir='ltr'>lentigi-</span> 
     </span>
     <span class='ocr_line' id='line_1_15' title="bbox 389 1459 1941 1522; baseline 0 -16"><span class='ocrx_word' id='word_1_102' title='bbox 389 1460 526 1515; x_wconf 87' lang='lat' dir='ltr'>,‚nosi</span> <span class='ocrx_word' id='word_1_103' title='bbox 571 1471 699 1507; x_wconf 84' lang='lat' dir='ltr'>sunt.</span> <span class='ocrx_word' id='word_1_104' title='bbox 742 1460 820 1506; x_wconf 90' lang='lat' dir='ltr'>hic</span> <span class='ocrx_word' id='word_1_105' title='bbox 859 1476 981 1521; x_wconf 81' lang='lat' dir='ltr'>ergo</span> <span class='ocrx_word' id='word_1_106' title='bbox 1019 1459 1205 1506; x_wconf 84' lang='lat' dir='ltr'>erravit</span> <span class='ocrx_word' id='word_1_107' title='bbox 1244 1459 1371 1514; x_wconf 90' lang='lat' dir='ltr'>ideo,</span> <span class='ocrx_word' id='word_1_108' title='bbox 1413 1459 1526 1521; x_wconf 83' lang='lat' dir='ltr'>quia</span> <span class='ocrx_word' id='word_1_109' title='bbox 1563 1461 1676 1522; x_wconf 70' lang='grc' dir='ltr'>γαλῆ</span> <span class='ocrx_word' id='word_1_110' title='bbox 1715 1459 1941 1506; x_wconf 87' lang='lat' dir='ltr'>mustella</span> 
     </span>
     <span class='ocr_line' id='line_1_16' title="bbox 389 1539 1940 1610; baseline -0.001 -20"><span class='ocrx_word' id='word_1_111' title='bbox 389 1543 607 1598; x_wconf 88' lang='lat' dir='ltr'>‚‚dicitur,</span> <span class='ocrx_word' id='word_1_112' title='bbox 636 1539 850 1606; x_wconf 79' lang='grc' dir='ltr'>γαλεώτης</span> <span class='ocrx_word' id='word_1_113' title='bbox 877 1542 1053 1597; x_wconf 88' lang='lat' dir='ltr'>stellio,</span> <span class='ocrx_word' id='word_1_114' title='bbox 1083 1539 1217 1610; x_wconf 69' lang='grc' dir='ltr'>ὥσπερ</span> <span class='ocrx_word' id='word_1_115' title='bbox 1246 1539 1547 1610; x_wconf 64' lang='grc' dir='ltr'>Ἀριστσφανης</span> <span class='ocrx_word' id='word_1_116' title='bbox 1567 1541 1608 1588; x_wconf 75' lang='grc' dir='ltr'>ἐν</span> <span class='ocrx_word' id='word_1_117' title='bbox 1627 1546 1718 1598; x_wconf 81' lang='grc' dir='ltr'>ταῖς</span> <span class='ocrx_word' id='word_1_118' title='bbox 1738 1544 1940 1606; x_wconf 62' lang='grc' dir='ltr'>Νεφέλαις</span> 
     </span>
     <span class='ocr_line' id='line_1_17' title="bbox 388 1622 1940 1694; baseline 0 -21"><span class='ocrx_word' id='word_1_119' title='bbox 388 1627 434 1691; x_wconf 83' lang='grc'>,,(</span> <span class='ocrx_word' id='word_1_120' title='bbox 447 1643 461 1672; x_wconf 89' lang='grc' dir='ltr'>Ι</span> <span class='ocrx_word' id='word_1_121' title='bbox 479 1627 559 1689; x_wconf 83' lang='grc'>74)</span> <span class='ocrx_word' id='word_1_122' title='bbox 609 1623 777 1681; x_wconf 57' lang='lat' dir='ltr'>„Za-&amp;m</span> <span class='ocrx_word' id='word_1_123' title='bbox 815 1622 1006 1694; x_wconf 71' lang='grc' dir='ltr'>γαλεώτῃ</span> <span class='ocrx_word' id='word_1_124' title='bbox 1044 1623 1337 1690; x_wconf 76' lang='grc' dir='ltr'>καταχέσαντι</span> <span class='ocrx_word' id='word_1_125' title='bbox 1376 1622 1663 1693; x_wconf 64' lang='grc' dir='ltr'>Σωκρατευς.”</span> <span class='ocrx_word' id='word_1_126' title='bbox 1704 1625 1757 1672; x_wconf 84' lang='lat' dir='ltr'>Si</span> <span class='ocrx_word' id='word_1_127' title='bbox 1784 1626 1940 1673; x_wconf 84' lang='lat' dir='ltr'>verba</span> 
     </span>
     <span class='ocr_line' id='line_1_18' title="bbox 389 1707 1937 1777; baseline 0.001 -21"><span class='ocrx_word' id='word_1_128' title='bbox 389 1707 631 1773; x_wconf 70' lang='grc' dir='ltr'>,,γαλεώτης</span> <span class='ocrx_word' id='word_1_129' title='bbox 680 1707 835 1777; x_wconf 75' lang='grc' dir='ltr'>γε’ρων”</span> <span class='ocrx_word' id='word_1_130' title='bbox 891 1720 1022 1757; x_wconf 91' lang='lat' dir='ltr'>recte</span> <span class='ocrx_word' id='word_1_131' title='bbox 1073 1727 1181 1756; x_wconf 89' lang='lat' dir='ltr'>sese</span> <span class='ocrx_word' id='word_1_132' title='bbox 1223 1709 1410 1756; x_wconf 87' lang='lat' dir='ltr'>habent</span> <span class='ocrx_word' id='word_1_133' title='bbox 1449 1709 1752 1772; x_wconf 78' lang='lat' dir='ltr'>(NENCINIUS</span> <span class='ocrx_word' id='word_1_134' title='bbox 1790 1727 1837 1772; x_wconf 91' lang='lat' dir='ltr'>p.</span> <span class='ocrx_word' id='word_1_135' title='bbox 1875 1713 1937 1769; x_wconf 81' lang='lat'>98</span> 
     </span>
     <span class='ocr_line' id='line_1_19' title="bbox 381 1789 1941 1855; baseline -0.001 -15"><span class='ocrx_word' id='word_1_136' title='bbox 381 1793 654 1855; x_wconf 87' lang='lat' dir='ltr'>suspicatur</span> <span class='ocrx_word' id='word_1_137' title='bbox 707 1793 997 1840; x_wconf 89' lang='lat' dir='ltr'>Terentium</span> <span class='ocrx_word' id='word_1_138' title='bbox 1050 1792 1258 1839; x_wconf 87' lang='lat' dir='ltr'>fortasse</span> <span class='ocrx_word' id='word_1_139' title='bbox 1309 1791 1489 1854; x_wconf 81' lang='lat' dir='ltr'>legisse</span> <span class='ocrx_word' id='word_1_140' title='bbox 1539 1789 1757 1855; x_wconf 73' lang='grc' dir='ltr'>γαλεώδης</span> <span class='ocrx_word' id='word_1_141' title='bbox 1796 1792 1941 1855; x_wconf 87' lang='lat' dir='ltr'>idque</span> 
     </span>
     <span class='ocr_line' id='line_1_20' title="bbox 383 1873 1939 1939; baseline -0.001 -17"><span class='ocrx_word' id='word_1_142' title='bbox 383 1893 481 1922; x_wconf 90' lang='lat' dir='ltr'>non</span> <span class='ocrx_word' id='word_1_143' title='bbox 534 1893 562 1922; x_wconf 90' lang='lat' dir='ltr'>a</span> <span class='ocrx_word' id='word_1_144' title='bbox 612 1873 775 1939; x_wconf 71' lang='grc' dir='ltr'>γαλεός,</span> <span class='ocrx_word' id='word_1_145' title='bbox 828 1876 916 1922; x_wconf 90' lang='lat' dir='ltr'>sed</span> <span class='ocrx_word' id='word_1_146' title='bbox 967 1893 995 1922; x_wconf 93' lang='lat' dir='ltr'>a</span> <span class='ocrx_word' id='word_1_147' title='bbox 1045 1873 1191 1937; x_wconf 77' lang='grc' dir='ltr'>γαλεή,</span> <span class='ocrx_word' id='word_1_148' title='bbox 1252 1877 1365 1938; x_wconf 73' lang='grc' dir='ltr'>γαλῆ</span> <span class='ocrx_word' id='word_1_149' title='bbox 1415 1875 1743 1922; x_wconf 89' lang='lat' dir='ltr'>derivandum</span> <span class='ocrx_word' id='word_1_150' title='bbox 1795 1875 1939 1939; x_wconf 92' lang='lat' dir='ltr'>esse),</span> 
     </span>
     <span class='ocr_line' id='line_1_21' title="bbox 382 1959 1939 2007; baseline -0.001 -1"><span class='ocrx_word' id='word_1_151' title='bbox 382 1959 696 2007; x_wconf 87' lang='lat' dir='ltr'>manifestum</span> <span class='ocrx_word' id='word_1_152' title='bbox 742 1970 817 2007; x_wconf 88' lang='lat' dir='ltr'>est</span> <span class='ocrx_word' id='word_1_153' title='bbox 864 1959 1156 2006; x_wconf 89' lang='lat' dir='ltr'>Terentium</span> <span class='ocrx_word' id='word_1_154' title='bbox 1198 1976 1296 2006; x_wconf 88' lang='lat' dir='ltr'>non</span> <span class='ocrx_word' id='word_1_155' title='bbox 1337 1959 1545 2005; x_wconf 89' lang='lat' dir='ltr'>verbum</span> <span class='ocrx_word' id='word_1_156' title='bbox 1585 1959 1740 2006; x_wconf 87' lang='lat' dir='ltr'>verbo</span> <span class='ocrx_word' id='word_1_157' title='bbox 1781 1959 1939 2006; x_wconf 88' lang='lat' dir='ltr'>reddi-</span> 
     </span>
     <span class='ocr_line' id='line_1_22' title="bbox 381 2042 1939 2105; baseline -0.001 -16"><span class='ocrx_word' id='word_1_158' title='bbox 381 2043 525 2090; x_wconf 91' lang='lat' dir='ltr'>disse.</span> <span class='ocrx_word' id='word_1_159' title='bbox 591 2044 692 2089; x_wconf 83' lang='lat' dir='ltr'>Sed</span> <span class='ocrx_word' id='word_1_160' title='bbox 732 2060 828 2105; x_wconf 86' lang='lat' dir='ltr'>quo</span> <span class='ocrx_word' id='word_1_161' title='bbox 868 2043 970 2089; x_wconf 89' lang='lat' dir='ltr'>iure</span> <span class='ocrx_word' id='word_1_162' title='bbox 1012 2043 1240 2089; x_wconf 86' lang='lat' dir='ltr'>Donatus</span> <span class='ocrx_word' id='word_1_163' title='bbox 1279 2042 1464 2097; x_wconf 87' lang='lat' dir='ltr'>statuit,</span> <span class='ocrx_word' id='word_1_164' title='bbox 1508 2042 1798 2089; x_wconf 88' lang='lat' dir='ltr'>Terentium</span> <span class='ocrx_word' id='word_1_165' title='bbox 1839 2059 1939 2089; x_wconf 91' lang='lat' dir='ltr'>non</span> 
     </span>
     <span class='ocr_line' id='line_1_23' title="bbox 381 2124 1939 2188; baseline 0 -16"><span class='ocrx_word' id='word_1_166' title='bbox 381 2125 753 2188; x_wconf 83' lang='lat' dir='ltr'>intellegentem</span> <span class='ocrx_word' id='word_1_167' title='bbox 783 2125 1050 2173; x_wconf 87' lang='lat' dir='ltr'>Menandri</span> <span class='ocrx_word' id='word_1_168' title='bbox 1078 2125 1233 2172; x_wconf 86' lang='lat' dir='ltr'>verba</span> <span class='ocrx_word' id='word_1_169' title='bbox 1259 2125 1503 2172; x_wconf 88' lang='lat' dir='ltr'>erravisse</span> <span class='ocrx_word' id='word_1_170' title='bbox 1532 2142 1622 2172; x_wconf 92' lang='lat' dir='ltr'>nec</span> <span class='ocrx_word' id='word_1_171' title='bbox 1648 2124 1873 2172; x_wconf 88' lang='lat' dir='ltr'>consulto</span> <span class='ocrx_word' id='word_1_172' title='bbox 1897 2126 1939 2188; x_wconf 79' lang='grc'>2)</span> 
     </span>
    </p>
   </div>
   <div class='ocr_carea' id='block_1_3' title="bbox 379 2299 1939 2481">
    <p class='ocr_par' dir='ltr' id='par_1_4' title="bbox 379 2299 1939 2481">
     <span class='ocr_line' id='line_1_24' title="bbox 527 2299 1938 2351; baseline -0.002 -11"><span class='ocrx_word' id='word_1_173' title='bbox 527 2301 561 2351; x_wconf 86' lang='lat'>1)</span> <span class='ocrx_word' id='word_1_174' title='bbox 616 2301 817 2340; x_wconf 89' lang='lat' dir='ltr'>Wessner</span> <span class='ocrx_word' id='word_1_175' title='bbox 860 2301 1049 2339; x_wconf 89' lang='lat' dir='ltr'>codicem</span> <span class='ocrx_word' id='word_1_176' title='bbox 1091 2301 1127 2338; x_wconf 93' lang='lat' dir='ltr'>V</span> <span class='ocrx_word' id='word_1_177' title='bbox 1169 2300 1318 2351; x_wconf 86' lang='lat' dir='ltr'>(Vatic.</span> <span class='ocrx_word' id='word_1_178' title='bbox 1362 2301 1465 2350; x_wconf 88' lang='lat' dir='ltr'>Reg.</span> <span class='ocrx_word' id='word_1_179' title='bbox 1508 2301 1573 2337; x_wconf 89' lang='lat' dir='ltr'>lat.</span> <span class='ocrx_word' id='word_1_180' title='bbox 1621 2299 1735 2347; x_wconf 84' lang='lat'>1496)</span> <span class='ocrx_word' id='word_1_181' title='bbox 1770 2305 1938 2338; x_wconf 87' lang='lat' dir='ltr'>secutus</span> 
     </span>
     <span class='ocr_line' id='line_1_25' title="bbox 380 2365 1939 2415; baseline -0.001 -12"><span class='ocrx_word' id='word_1_182' title='bbox 380 2366 566 2415; x_wconf 86' lang='lat' dir='ltr'>scripsit:</span> <span class='ocrx_word' id='word_1_183' title='bbox 598 2368 697 2408; x_wconf 60' lang='grc' dir='ltr'>αὐτὸς</span> <span class='ocrx_word' id='word_1_184' title='bbox 727 2368 831 2413; x_wconf 62' lang='grc' dir='ltr'>ἐστιν,</span> <span class='ocrx_word' id='word_1_185' title='bbox 862 2366 1046 2404; x_wconf 90' lang='lat' dir='ltr'>Kockius</span> <span class='ocrx_word' id='word_1_186' title='bbox 1077 2366 1246 2414; x_wconf 86' lang='lat' dir='ltr'>aliique:</span> <span class='ocrx_word' id='word_1_187' title='bbox 1278 2365 1372 2407; x_wconf 61' lang='grc' dir='ltr'>σῖτός</span> <span class='ocrx_word' id='word_1_188' title='bbox 1404 2367 1487 2403; x_wconf 72' lang='grc' dir='ltr'>ἐστι.</span> <span class='ocrx_word' id='word_1_189' title='bbox 1512 2365 1608 2402; x_wconf 87' lang='lat' dir='ltr'>Edit</span> <span class='ocrx_word' id='word_1_190' title='bbox 1628 2365 1802 2403; x_wconf 85' lang='lat' dir='ltr'>Mediol:</span> <span class='ocrx_word' id='word_1_191' title='bbox 1833 2365 1939 2403; x_wconf 86' lang='lat' dir='ltr'>estin</span> 
     </span>
     <span class='ocr_line' id='line_1_26' title="bbox 379 2430 1296 2481; baseline -0.004 -12"><span class='ocrx_word' id='word_1_192' title='bbox 379 2431 499 2481; x_wconf 84' lang='lat' dir='ltr'>galeo</span> <span class='ocrx_word' id='word_1_193' title='bbox 530 2437 764 2470; x_wconf 82' lang='lat' dir='ltr'>tescerona.</span> <span class='ocrx_word' id='word_1_194' title='bbox 795 2431 964 2470; x_wconf 87' lang='lat' dir='ltr'>Suidas:</span> <span class='ocrx_word' id='word_1_195' title='bbox 996 2432 1112 2467; x_wconf 66' lang='grc' dir='ltr'>οὑτοσί</span> <span class='ocrx_word' id='word_1_196' title='bbox 1141 2430 1180 2466; x_wconf 71' lang='grc' dir='ltr'>δὲ</span> <span class='ocrx_word' id='word_1_197' title='bbox 1209 2447 1241 2479; x_wconf 69' lang='grc' dir='ltr'>γ.</span> <span class='ocrx_word' id='word_1_198' title='bbox 1263 2447 1296 2479; x_wconf 77' lang='lat'>7.</span> 
     </span>
    </p>
   </div>
   <div class='ocr_carea' id='block_1_4' title="bbox 377 2520 1936 3028">
    <p class='ocr_par' dir='ltr' id='par_1_5' title="bbox 377 2520 1936 3028">
     <span class='ocr_line' id='line_1_27' title="bbox 523 2520 1936 2572; baseline -0.002 -13"><span class='ocrx_word' id='word_1_199' title='bbox 523 2521 562 2572; x_wconf 89' lang='lat'>2)</span> <span class='ocrx_word' id='word_1_200' title='bbox 620 2521 680 2560; x_wconf 84' lang='lat' dir='ltr'>Cf.</span> <span class='ocrx_word' id='word_1_201' title='bbox 712 2521 899 2559; x_wconf 85' lang='lat' dir='ltr'>Donatus</span> <span class='ocrx_word' id='word_1_202' title='bbox 930 2521 1012 2559; x_wconf 84' lang='lat' dir='ltr'>ibid</span> <span class='ocrx_word' id='word_1_203' title='bbox 1043 2521 1135 2558; x_wconf 90' lang='lat' dir='ltr'>adn.</span> <span class='ocrx_word' id='word_1_204' title='bbox 1168 2530 1210 2558; x_wconf 86' lang='lat'>2:</span> <span class='ocrx_word' id='word_1_205' title='bbox 1243 2520 1323 2567; x_wconf 79' lang='lat' dir='ltr'>„At</span> <span class='ocrx_word' id='word_1_206' title='bbox 1353 2531 1432 2570; x_wconf 83' lang='lat' dir='ltr'>ego</span> <span class='ocrx_word' id='word_1_207' title='bbox 1463 2520 1744 2568; x_wconf 84' lang='lat' dir='ltr'>†edesionum</span> <span class='ocrx_word' id='word_1_208' title='bbox 1770 2531 1936 2567; x_wconf 89' lang='lat' dir='ltr'>sequor,</span> 
     </span>
     <span class='ocr_line' id='line_1_28' title="bbox 379 2585 1936 2634; baseline -0.001 -10"><span class='ocrx_word' id='word_1_209' title='bbox 379 2587 446 2634; x_wconf 84' lang='lat' dir='ltr'>qui</span> <span class='ocrx_word' id='word_1_210' title='bbox 477 2592 591 2624; x_wconf 92' lang='lat' dir='ltr'>recte</span> <span class='ocrx_word' id='word_1_211' title='bbox 623 2587 824 2624; x_wconf 85' lang='lat' dir='ltr'>intellexit</span> <span class='ocrx_word' id='word_1_212' title='bbox 854 2587 1096 2624; x_wconf 89' lang='lat' dir='ltr'>Terentium</span> <span class='ocrx_word' id='word_1_213' title='bbox 1126 2587 1325 2624; x_wconf 88' lang='lat' dir='ltr'>scientem</span> <span class='ocrx_word' id='word_1_214' title='bbox 1355 2586 1588 2623; x_wconf 84' lang='lat' dir='ltr'>mustellino</span> <span class='ocrx_word' id='word_1_215' title='bbox 1619 2585 1758 2623; x_wconf 89' lang='lat' dir='ltr'>colore</span> <span class='ocrx_word' id='word_1_216' title='bbox 1780 2585 1936 2623; x_wconf 82' lang='lat' dir='ltr'>dixisse</span> 
     </span>
     <span class='ocr_line' id='line_1_29' title="bbox 379 2650 1936 2700; baseline -0.001 -11"><span class='ocrx_word' id='word_1_217' title='bbox 379 2653 610 2690; x_wconf 87' lang='lat' dir='ltr'>eunuchum</span> <span class='ocrx_word' id='word_1_218' title='bbox 642 2652 752 2690; x_wconf 88' lang='lat' dir='ltr'>velut</span> <span class='ocrx_word' id='word_1_219' title='bbox 781 2653 996 2699; x_wconf 88' lang='lat' dir='ltr'>sublivido,</span> <span class='ocrx_word' id='word_1_220' title='bbox 1028 2652 1122 2700; x_wconf 90' lang='lat' dir='ltr'>quia</span> <span class='ocrx_word' id='word_1_221' title='bbox 1151 2663 1248 2689; x_wconf 88' lang='lat' dir='ltr'>vere</span> <span class='ocrx_word' id='word_1_222' title='bbox 1271 2652 1446 2689; x_wconf 87' lang='lat' dir='ltr'>eunuchi</span> <span class='ocrx_word' id='word_1_223' title='bbox 1469 2656 1537 2688; x_wconf 86' lang='lat' dir='ltr'>aut</span> <span class='ocrx_word' id='word_1_224' title='bbox 1558 2663 1613 2688; x_wconf 85' lang='lat' dir='ltr'>ex</span> <span class='ocrx_word' id='word_1_225' title='bbox 1635 2650 1936 2689; x_wconf 84' lang='lat' dir='ltr'>candidissimis</span> 
     </span>
     <span class='ocr_line' id='line_1_30' title="bbox 378 2715 1935 2766; baseline -0.001 -12"><span class='ocrx_word' id='word_1_226' title='bbox 378 2717 610 2766; x_wconf 84' lang='lat' dir='ltr'>lentiginosi</span> <span class='ocrx_word' id='word_1_227' title='bbox 649 2717 763 2764; x_wconf 89' lang='lat' dir='ltr'>fiunt,</span> <span class='ocrx_word' id='word_1_228' title='bbox 793 2722 838 2755; x_wconf 90' lang='lat' dir='ltr'>ut</span> <span class='ocrx_word' id='word_1_229' title='bbox 868 2729 921 2754; x_wconf 85' lang='lat' dir='ltr'>ex</span> <span class='ocrx_word' id='word_1_230' title='bbox 951 2717 1077 2755; x_wconf 88' lang='lat' dir='ltr'>Gallis</span> <span class='ocrx_word' id='word_1_231' title='bbox 1109 2722 1150 2753; x_wconf 88' lang='lat' dir='ltr'>et</span> <span class='ocrx_word' id='word_1_232' title='bbox 1179 2716 1380 2754; x_wconf 89' lang='lat' dir='ltr'>eiusmodi</span> <span class='ocrx_word' id='word_1_233' title='bbox 1411 2715 1751 2763; x_wconf 85' lang='lat' dir='ltr'>occidentalibus,</span> <span class='ocrx_word' id='word_1_234' title='bbox 1782 2721 1851 2753; x_wconf 84' lang='lat' dir='ltr'>aut</span> <span class='ocrx_word' id='word_1_235' title='bbox 1881 2727 1935 2753; x_wconf 78' lang='lat' dir='ltr'>ex</span> 
     </span>
     <span class='ocr_line' id='line_1_31' title="bbox 378 2781 1932 2830; baseline -0.001 -10"><span class='ocrx_word' id='word_1_236' title='bbox 378 2783 503 2820; x_wconf 86' lang='lat' dir='ltr'>fuscis</span> <span class='ocrx_word' id='word_1_237' title='bbox 521 2783 721 2830; x_wconf 88' lang='lat' dir='ltr'>sublividi‚</span> <span class='ocrx_word' id='word_1_238' title='bbox 740 2788 784 2820; x_wconf 92' lang='lat' dir='ltr'>ut</span> <span class='ocrx_word' id='word_1_239' title='bbox 800 2795 855 2820; x_wconf 84' lang='lat' dir='ltr'>ex</span> <span class='ocrx_word' id='word_1_240' title='bbox 876 2783 1080 2820; x_wconf 77' lang='lat' dir='ltr'>Armeniis</span> <span class='ocrx_word' id='word_1_241' title='bbox 1099 2789 1139 2819; x_wconf 88' lang='lat' dir='ltr'>et</span> <span class='ocrx_word' id='word_1_242' title='bbox 1157 2782 1242 2819; x_wconf 89' lang='lat' dir='ltr'>aliis</span> <span class='ocrx_word' id='word_1_243' title='bbox 1260 2782 1566 2819; x_wconf 85' lang='lat' dir='ltr'>orientalibus.’&#39;</span> <span class='ocrx_word' id='word_1_244' title='bbox 1589 2781 1649 2819; x_wconf 84' lang='lat' dir='ltr'>Cf.</span> <span class='ocrx_word' id='word_1_245' title='bbox 1663 2781 1704 2818; x_wconf 90' lang='lat' dir='ltr'>P.</span> <span class='ocrx_word' id='word_1_246' title='bbox 1722 2781 1932 2818; x_wconf 88' lang='lat' dir='ltr'>Wessner.</span> 
     </span>
     <span class='ocr_line' id='line_1_32' title="bbox 377 2846 1933 2896; baseline -0.001 -12"><span class='ocrx_word' id='word_1_247' title='bbox 377 2847 571 2885; x_wconf 85' lang='lat' dir='ltr'>Aemilius</span> <span class='ocrx_word' id='word_1_248' title='bbox 610 2848 746 2896; x_wconf 84' lang='lat' dir='ltr'>Asper</span> <span class='ocrx_word' id='word_1_249' title='bbox 784 2859 822 2896; x_wconf 89' lang='lat' dir='ltr'>p.</span> <span class='ocrx_word' id='word_1_250' title='bbox 863 2849 914 2894; x_wconf 79' lang='lat'>29</span> <span class='ocrx_word' id='word_1_251' title='bbox 952 2848 1126 2894; x_wconf 81' lang='lat' dir='ltr'>„Dieser</span> <span class='ocrx_word' id='word_1_252' title='bbox 1157 2848 1266 2884; x_wconf 87' lang='lat' dir='ltr'>nicht</span> <span class='ocrx_word' id='word_1_253' title='bbox 1296 2859 1344 2883; x_wconf 86' lang='lat' dir='ltr'>zu</span> <span class='ocrx_word' id='word_1_254' title='bbox 1375 2847 1634 2884; x_wconf 78' lang='lat' dir='ltr'>ermittlende·</span> <span class='ocrx_word' id='word_1_255' title='bbox 1665 2846 1796 2883; x_wconf 89' lang='lat' dir='ltr'>Autor</span> <span class='ocrx_word' id='word_1_256' title='bbox 1826 2846 1933 2884; x_wconf 85' lang='lat' dir='ltr'>kann</span> 
     </span>
     <span class='ocr_line' id='line_1_33' title="bbox 378 2911 1934 2961; baseline -0.001 -11"><span class='ocrx_word' id='word_1_257' title='bbox 378 2914 477 2951; x_wconf 87' lang='lat' dir='ltr'>aber</span> <span class='ocrx_word' id='word_1_258' title='bbox 515 2914 631 2951; x_wconf 86' lang='lat' dir='ltr'>recht</span> <span class='ocrx_word' id='word_1_259' title='bbox 668 2913 775 2951; x_wconf 90' lang='lat' dir='ltr'>wohl</span> <span class='ocrx_word' id='word_1_260' title='bbox 814 2913 878 2950; x_wconf 90' lang='lat' dir='ltr'>ein</span> <span class='ocrx_word' id='word_1_261' title='bbox 918 2913 1232 2959; x_wconf 84' lang='lat' dir='ltr'>Grammatiker,</span> <span class='ocrx_word' id='word_1_262' title='bbox 1272 2912 1557 2961; x_wconf 74' lang='lat' dir='ltr'>Glossograpli</span> <span class='ocrx_word' id='word_1_263' title='bbox 1597 2912 1699 2949; x_wconf 85' lang='lat' dir='ltr'>oder</span> <span class='ocrx_word' id='word_1_264' title='bbox 1728 2911 1934 2961; x_wconf 84' lang='lat' dir='ltr'>sonstiger</span> 
     </span>
     <span class='ocr_line' id='line_1_34' title="bbox 377 2978 1222 3028; baseline -0.001 -12"><span class='ocrx_word' id='word_1_265' title='bbox 377 2978 670 3017; x_wconf 87' lang='lat' dir='ltr'>Schriftsteller</span> <span class='ocrx_word' id='word_1_266' title='bbox 699 2990 895 3028; x_wconf 84' lang='lat' dir='ltr'>gewesen</span> <span class='ocrx_word' id='word_1_267' title='bbox 926 2978 1012 3017; x_wconf 88' lang='lat' dir='ltr'>sein</span> <span class='ocrx_word' id='word_1_268' title='bbox 1042 2991 1079 3016; x_wconf 92' lang='lat' dir='ltr'>u.</span> <span class='ocrx_word' id='word_1_269' title='bbox 1098 2991 1129 3016; x_wconf 88' lang='lat' dir='ltr'>s.</span> <span class='ocrx_word' id='word_1_270' title='bbox 1148 2980 1222 3016; x_wconf 80' lang='lat' dir='ltr'>w.”</span> 
     </span>
    </p>
   </div>
  </div>
 </body>
</html>
