2221 3526
1093 264 1158 307 44

349 390 489 437 solet.
533 392 764 437 KAMPIUS
801 389 868 453 (p.
919 389 996 452 11)
1027 390 1064 453 Ι)
1104 389 1197 435 hoc
1236 389 1331 435 iam
1379 388 1653 450 suspicatus
1691 398 1766 434 est
1804 387 1899 451 (Cf.

349 474 489 521 infra.
545 472 674 520 Vide
713 473 861 520 etiam
903 471 1138 519 Karsteni
1179 471 1370 519 Comm.
1412 489 1459 533 p.
1505 486 1600 531 205
1643 470 1773 534 sqq.)

492 556 659 603 Minus
710 566 840 603 recte
893 555 1208 602 GRAUERTus
1259 555 1325 617 (p.
1382 554 1496 618 170)
1535 564 1584 601 et
1624 554 1903 600 NEthNius

349 640 416 703 (p.
460 644 523 698 96
563 639 658 702 sq.)
685 639 726 701 2)
765 656 792 685 e
833 637 1021 684 Donati
1048 637 1217 683 verbis
1243 638 1513 684 effecerunt
1539 637 1667 683 hanc
1693 653 1903 683 scaenae

349 732 539 783 partem
580 738 608 767 a
648 719 887 767 Terentio
927 719 1251 781 compositam
1293 736 1416 766 esse.

490 805 645 850 FABIA
704 821 750 865 p.
804 819 867 864 43
921 820 994 865 sq.
1047 812 1187 863 putat
1243 812 1560 864 praeceptum
1620 802 1904 849 Gnathonis

347 887 435 951 (50
472 888 603 950 sqq.)
642 886 968 948 iurgiumque,
1016 886 1149 948 quod
1189 902 1250 931 ex
1278 902 1338 931 eo
1366 895 1540 946 postea
1566 885 1749 931 orietur
1776 885 1903 932 inter

349 970 596 1017 Thaidem
657 969 1074 1031 Chremetemque
1131 978 1180 1014 et
1239 967 1442 1015 militem
1494 967 1790 1029 pertinuisse
1839 968 1903 1014 ad

348 1053 689 1100 oeconomiam
736 1051 978 1098 Eunuchi.
1021 1051 1145 1097 Cum
1186 1061 1353 1098 tamen
1395 1049 1534 1097 miles
1573 1061 1622 1097 et
1660 1050 1904 1113 parasitus

347 1136 395 1182 in
447 1153 506 1183 ea
555 1134 720 1183 fabula
771 1152 870 1181 non
922 1134 1211 1196 prodierint,
1269 1151 1358 1180 nec
1408 1144 1727 1196 praeceptum
1767 1133 1900 1188 illud,

348 1236 438 1266 nec
507 1218 718 1281 iurgium
791 1218 906 1265 inde
968 1218 1233 1279 desumpta
1283 1234 1391 1264 esse
1443 1227 1675 1278 possunt;
1742 1234 1903 1279 neque

346 1302 495 1364 igitur
533 1319 658 1364 opus
685 1312 760 1349 est
787 1319 895 1348 cum
925 1300 1081 1348 Fabia
1108 1317 1327 1355 censere,
1358 1301 1481 1348 haec
1509 1300 1677 1347 Colaci
1703 1300 1903 1348 attribui

347 1403 446 1432 non
500 1402 663 1448 posse,
717 1384 845 1448 quia,
892 1384 932 1431 si
971 1383 1202 1446 ponimus
1240 1383 1288 1430 in
1328 1401 1387 1430 ea
1425 1383 1590 1430 fabula
1628 1383 1801 1430 iisdem
1841 1384 1902 1430 de

345 1468 504 1515 causis
542 1468 752 1531 iurgium
791 1478 953 1515 ortum
992 1484 1115 1522 esse,
1146 1467 1272 1515 iusto
1307 1467 1462 1514 maior
1489 1467 1616 1514 inter
1642 1477 1902 1530 utramque

344 1551 558 1599 fabulam
601 1550 870 1598 similitudo
909 1551 1256 1599 intercederet.

488 1635 650 1682 Etiam
713 1636 890 1682 IHNIUs
947 1635 1014 1699 (p.
1082 1637 1138 1680 18
1197 1635 1328 1698 sqq.)
1386 1633 1596 1696 iurgium
1654 1632 1904 1695 pertinere

345 1729 485 1781 putat
535 1719 599 1765 ad
652 1718 880 1765 Eunuchi
933 1717 1294 1774 oeconomiam,
1341 1717 1429 1763 sed
1468 1734 1730 1778 perperam
1771 1727 1903 1763 ratus

345 1802 549 1849 militem
598 1813 647 1849 et
695 1800 966 1864 parasitum
1018 1802 1066 1848 in
1114 1800 1380 1848 Menandri
1421 1817 1618 1864 quoque
1660 1800 1901 1847 Eunucho

344 1886 534 1940 adesse,
564 1885 692 1932 hanc
718 1902 928 1932 scaenae
957 1896 1150 1947 partem
1178 1884 1222 1931 ei
1244 1884 1437 1931 fabulae
1463 1883 1632 1931 deberi
1655 1883 1900 1945 opinatur,

343 1979 395 2015 ut
450 1968 680 2031 explicet,
740 1969 990 2031 quomodo
1048 1967 1258 2030 iurgium
1317 1967 1436 2014 illud
1492 1984 1555 2014 ex
1617 1967 1902 2015 Gnathonis

344 2062 612 2114 praecepto
651 2051 850 2099 oriatur.

487 2134 602 2181 Alia
640 2145 716 2181 est
755 2134 924 2196 opinio
954 2135 1186 2182 BRACNH.
1218 2134 1343 2180 Cum
1373 2133 1570 2180 Thraso
1598 2144 1773 2195 postea
1800 2150 1899 2179 non

344 2234 405 2264 ex
458 2217 744 2265 Gnathonis
792 2217 1071 2280 praeceptis
1123 2216 1333 2264 Thaidis
1390 2233 1609 2264 amorem
1667 2215 1898 2271 stimulet,

492 2390 526 2437 1)
583 2388 644 2427 Cf.
675 2389 872 2437 Kampius
903 2400 942 2436 p.
980 2398 1020 2426 11
1042 2401 1049 2425 :
1073 2387 1451 2435 „Wahrscheinlich
1474 2388 1525 2425 ist
1547 2388 1619 2426 auf
1639 2388 1704 2425 die
1725 2387 1898 2437 Angabe

344 2454 418 2491 des
452 2455 633 2492 Namens
663 2454 883 2492 Terentius
914 2453 1027 2491 nicht
1055 2453 1135 2491 viel
1164 2466 1212 2490 zu
1242 2454 1378 2502 geben
1408 2466 1443 2490 e.
1475 2466 1512 2501 q.
1544 2454 1600 2491 s.’'
1632 2453 1900 2491 Animadver—

343 2520 513 2557 tendum
556 2525 620 2557 est
662 2533 699 2557 v.
743 2520 780 2556 d.
826 2531 969 2566 parum
1014 2519 1088 2556 sibi
1134 2519 1382 2565 constitisse,
1427 2531 1519 2556 cum
1562 2520 1709 2556 eadem
1750 2518 1900 2568 pagina

343 2585 522 2622 nonnihil
552 2585 703 2622 tribuat
733 2584 945 2622 absentiae
978 2584 1063 2621 eius
1095 2584 1267 2620 nominis
1303 2584 1340 2620 in
1372 2584 1498 2621 schol.
1531 2585 1581 2621 ad
1611 2584 1672 2621 ΙΙΙ.
1705 2594 1739 2621 2.
1769 2585 1832 2630 48.

487 2650 524 2701 2)
555 2650 616 2688 Cf.
635 2650 862 2687 Graucrtus
880 2661 917 2697 p.
943 2656 1033 2694 170:
1053 2649 1290 2696 „Demnach
1308 2649 1408 2685 l'asst
1424 2649 1510 2686 sich
1526 2649 1631 2686 wohl
1649 2650 1898 2696 behaupten,

343 2717 438 2753 dass
464 2716 602 2753 Donat
631 2727 679 2752 zu
699 2714 759 2751 ΙΙΙ.
788 2725 816 2751 1.
843 2723 890 2762 50
911 2714 1164 2763 angedeutet
1186 2714 1266 2760 hat,
1285 2714 1444 2751 Terenz
1462 2715 1519 2751 sei
1537 2715 1624 2751 hier
1646 2714 1899 2763 selbst'andig

344 2781 576 2827 verfahren,
606 2793 724 2818 wenn
755 2792 800 2817 er
831 2784 948 2829 sagt:
980 2779 1043 2816 hic
1074 2791 1222 2828 magna
1254 2791 1287 2816 e.
1319 2792 1356 2827 q.
1389 2792 1418 2816 s.

485 2846 706 2883 Nencinius
738 2858 776 2893 p.
806 2845 882 2891 96:
929 2843 1059 2891 ,Quae
1089 2857 1188 2881 vero
1220 2856 1344 2891 porro
1375 2844 1435 2881 ΙΙΙ.
1460 2855 1488 2881 1.
1507 2853 1554 2892 45
1575 2857 1664 2892 sqq.
1696 2844 1898 2881 Thrasoni

343 2911 546 2959 praecipit
574 2911 736 2948 Gnatho
767 2911 818 2947 ad
847 2909 1034 2946 Eunuchi
1064 2909 1349 2946 oeconomiam
1379 2910 1585 2957 pertinent
1611 2910 1788 2957 ideoque
1810 2909 1897 2946 sine

342 2977 421 3014 ulla
450 2977 706 3015 dubitatione
735 2976 803 3013 uni
832 2975 1029 3014 Terentio
1061 2974 1303 3013 debentur.'⁷
