2221 3526
941 938 1245 986 CAPUT
1299 942 1332 987 I.

750 1232 831 1268 DE
872 1232 1172 1270 EXORDIO
1213 1234 1532 1271 FABULAE.

498 1509 880 1558 Contenderunt
913 1529 1087 1559 omnes
1119 1513 1236 1567 fere,
1267 1514 1349 1576 qui
1377 1515 1438 1560 de
1467 1515 1696 1562 Eunuchi
1726 1516 1913 1562 Teren-

357 1592 520 1639 tianae
578 1593 939 1654 compositione
996 1595 1316 1658 scripserunt,
1371 1597 1664 1644 Terentium
1717 1599 1813 1645 iam
1865 1599 1912 1645 in

354 1676 558 1740 exordio
622 1677 904 1724 discessisse
968 1696 996 1725 a
1060 1679 1342 1726 Menandro
1408 1681 1684 1744 Graecique
1736 1692 1913 1744 poetae

355 1757 545 1804 initium
588 1760 766 1806 rectius
806 1772 1059 1808 servatum
1100 1779 1209 1809 esse
1249 1780 1277 1809 a
1318 1763 1501 1810 Persio.
1571 1765 1638 1811 Ut
1678 1765 1771 1812 hoc
1809 1765 1912 1811 diu-

353 1840 558 1896 dicetur,
611 1843 923 1899 examinabo,
977 1863 1104 1907 quae
1156 1846 1279 1892 ratio
1320 1846 1594 1894 intercedat
1633 1847 1760 1894 inter
1798 1865 1912 1910 poe-

353 1934 513 1970 tarum
566 1925 715 1981 locos,
770 1927 853 1989 qui
905 1927 998 1975 hoc
1039 1929 1231 1976 initium
1273 1929 1584 1986 rettulerunt,
1628 1931 1910 1986 Terentius,

355 2006 609 2063 Horatius,
652 2010 860 2057 Persius.

496 2116 700 2164 Terent.
742 2118 869 2165 Eun.
912 2122 1137 2179 46——49‚

496 2223 627 2286 Quid
668 2225 816 2287 igitur
854 2225 1064 2273 faciam?
1124 2227 1238 2274 Non
1279 2245 1406 2282 eam,
1443 2246 1504 2275 ne
1534 2246 1664 2276 nunc
1692 2229 1908 2291 quidem,

494 2324 643 2368 quom
683 2325 906 2356 arcessor
941 2309 1102 2357 ultro?
1140 2328 1201 2357 an
1233 2311 1397 2372 potius
1425 2312 1491 2358 ita
1519 2330 1597 2358 me
1625 2330 1909 2374 comparem

495 2407 592 2436 non
633 2392 825 2453 perpeti
866 2393 1179 2440 meretricum
1220 2394 1578 2442 contumelias?

492 2473 724 2529 exclusit;
768 2487 995 2531 revocat3
1040 2477 1274 2524 redeam?
1316 2495 1430 2532 non,
1472 2478 1511 2525 si
1554 2496 1631 2525 me
1665 2479 1906 2526 obsecret.

494 2605 669 2652 Horat.
712 2606 815 2654 Sat.
858 2608 914 2654 ΙΙ.
960 2624 1003 2668 3.
1050 2612 1342 2670 263—265.

740 2743 806 2747 ——
848 2714 954 2760 Nec
989 2715 1025 2778 Ι)
1067 2732 1211 2770 nunc,
1255 2733 1365 2762 cum
1408 2733 1485 2763 me
1526 2728 1672 2763 vocat
1713 2717 1855 2772 ultro,

497 2860 530 2902 1)
587 2854 857 2905 Kicsslingius
894 2856 1054 2903 (Horat.
1094 2856 1178 2894 Sat.
1221 2858 1271 2893 ad
1311 2858 1346 2894 h.
1389 2858 1429 2897 1.)
1473 2871 1693 2906 perperam
1736 2859 1907 2908 iungens

349 2931 451 2965 „nec
483 2919 706 2957 accedam*
738 2921 877 2970 legere
900 2922 986 2958 vult
1007 2922 1123 2968 „ne”.
1156 2922 1365 2971 Iungenda
1388 2929 1483 2960 sunt
1504 2935 1608 2969 „nec
1629 2924 1762 2960 nunc'
1784 2938 1836 2959 z
1857 2937 1907 2962 ne

349 2996 456 3021 nunc
487 2985 664 3032 quidem,
698 2986 746 3023 cs.
779 2986 853 3024 Ov.
886 2986 1008 3024 Trist.
1042 2988 1085 3024 H.
1117 2997 1206 3034 495,
1239 2988 1371 3025 Tacit.
1403 2978 1517 3025 Arm.¹
1538 2988 1582 3025 ΙΙ.
1615 2990 1675 3026 82.
