2221 3526
905 263 966 320 63

159 400 289 450 idem
330 402 648 450 iudicandum
688 403 749 448 de
790 401 875 449 IV.
907 405 952 450 6.
993 416 1035 460 7.
1080 401 1276 449 Deinde
1315 404 1378 449 ad
1420 403 1503 450 IV.
1541 407 1586 452 6.
1626 419 1711 464 17:

166 487 422 550 „Quantas
471 485 638 547 copias
688 486 963 532 adducere:
1023 485 1222 546 proprie
1279 485 1402 532 dixit
1465 487 1711 548 ‚,copias'',

165 586 308 624 „nam
359 569 427 616 sic
477 568 706 615 dicuntur
744 568 968 629 legiones
1007 568 1054 614 in
1097 585 1248 614 unum
1290 568 1541 617 collectae.
1583 570 1712 617 Con-

165 653 331 708 „venit
369 663 536 699 tamen
578 652 686 699 rudi
725 662 774 698 et
814 652 993 698 rustico
1031 650 1337 699 adulescenti
1372 669 1459 698 sex
1488 652 1714 699 homines

163 734 393 798 „copias”
416 735 579 782 dicere
600 752 643 782 e.
667 752 714 798 q.
738 734 829 793 S.'’‚
852 734 1014 782 minus
1036 746 1167 782 recte
1197 735 1429 782 Donatus
1457 735 1713 784 rusticitati

157 818 341 874 tribuit,
382 819 518 881 quod
556 817 805 866 timiditati
833 817 1151 864 tribuendum
1178 828 1268 873 est,
1297 818 1422 865 sicut
1448 835 1475 865 e
1505 818 1715 865 Thaidis

156 901 323 949 verbis
373 913 422 949 et
461 901 611 948 totius
649 917 859 948 scaenae
898 900 1063 948 colore
1102 912 1326 963 apparet.
1368 901 1452 948 Ad
1491 901 1713 948 eiusdem

155 1002 365 1033 scaenae
416 1002 463 1032 v.
520 1001 576 1046 31
634 985 750 1032 adn.
795 1001 820 1046 3
866 985 1095 1031 Donatus
1134 984 1453 1031 Chremetem
1494 983 1714 1047 appellat

163 1069 398 1124 „nimium
414 1068 682 1116 liberaliter
696 1068 935 1131 pavidum
957 1066 1437 1116 adulescentulum.''
1455 1068 1714 1115 Postremo

157 1153 241 1200 IV.
282 1167 324 1212 7.
362 1168 443 1214 33,
491 1152 574 1199 ubi
615 1152 846 1199 Donatus
885 1153 1119 1199 adnotat:
1167 1168 1244 1207 ‚,1.
1288 1151 1577 1198 Diminuam
1616 1168 1714 1213 ego

163 1247 341 1298 „caput
391 1247 530 1283 tuum
583 1235 730 1282 hodie
771 1235 862 1282 nisi
902 1235 1034 1290 abis;
1078 1235 1331 1283 Rusticius
1368 1235 1491 1282 dixit
1536 1245 1714 1297 „caput

162 1330 330 1376 „tuum
387 1318 693 1366 diminuam¹¹
752 1335 900 1381 quam
959 1319 997 1365 si
1054 1319 1240 1366 diceret
1295 1318 1568 1365 diminuam
1625 1317 1713 1364 tibi

162 1401 390 1465 ‚,caput''‚
431 1413 640 1464 apparet
680 1402 973 1449 Terentium
1015 1418 1189 1448 revera
1216 1401 1498 1463 scripsisse:
1545 1400 1714 1456 „dimi-

157 1502 304 1533 nuam
344 1485 432 1532 tibi
471 1484 670 1547 caput.''
