2221 3526
1200 292 1228 336 6

580 449 787 493 puerum
827 430 1056 492 supponi,
1097 429 1196 476 falli
1237 446 1325 490 per
1363 445 1561 474 servom
1602 444 1787 481 senem,

579 531 761 568 amare,
802 513 979 568 odisse,
1019 511 1289 573 suspicari?
1327 511 1542 573 denique

581 596 816 642 nullumst
855 595 949 642 iam
990 595 1192 649 dictum,
1228 594 1362 656 quod
1398 610 1497 639 non
1537 592 1599 639 sit
1626 592 1810 638 dictum
1840 591 1989 652 prius.

580 715 632 760 In
665 714 740 760 his
766 730 914 760 causa
941 712 1211 774 sophistice
1233 711 1422 773 agitur3
1467 727 1614 756 nemo
1635 710 1765 756 enim
1790 709 1994 771 negabit

438 813 761 858 personarum
801 795 1006 857 specieS,
1049 812 1177 856 quae
1216 804 1587 847 enumerantur,
1623 791 1842 838 omnium
1877 808 1992 853 poe-

438 891 597 927 tarum
636 896 744 925 esse
784 895 1087 931 communeS,
1128 878 1216 923 sed
1256 876 1387 923 aliud
1433 887 1507 922 est
1547 876 1767 921 eiusdem
1794 874 1994 936 generis

438 962 663 1024 personis
720 961 804 1015 uti,
864 960 996 1007 aliud
1055 977 1139 1006 eas
1191 976 1430 1020 personas
1482 959 1548 1004 ita
1598 958 1888 1019 producere,
1942 968 1994 1003 ut

437 1046 612 1092 eadem
640 1055 794 1105 agant
821 1055 870 1090 et
897 1043 1181 1105 loquantur,
1211 1059 1340 1104 quae
1369 1042 1463 1088 iam
1492 1041 1626 1102 apud
1652 1040 1774 1087 alios
1800 1040 1994 1102 egerint

437 1139 486 1175 et
524 1127 672 1174 locuti
710 1127 822 1174 sint.

580 1223 656 1268 Ex
696 1222 770 1268 his
809 1221 968 1268 efficio
999 1221 1130 1266 hunc
1159 1219 1422 1281 prologum
1452 1249 1517 1252 —
1547 1236 1637 1265 nec
1664 1218 1992 1265 dubitandum

438 1306 556 1352 mihi
607 1305 819 1359 videtur,
874 1304 992 1366 quin
1045 1305 1107 1350 de
1147 1303 1254 1349 aliis
1294 1302 1515 1364 prologis
1555 1302 1684 1348 idem
1726 1301 1890 1348 valeat
1928 1332 1991 1335 —

438 1406 537 1435 non
589 1400 688 1435 tam
742 1388 997 1435 continere
1049 1387 1204 1433 verba
1255 1397 1429 1448 aperta
1477 1396 1527 1432 et
1565 1385 1805 1447 simplicia
1844 1385 1996 1446 ipsius

439 1472 678 1525 Terentii,
720 1488 868 1534 quam
909 1470 1247 1517 defensionem
1285 1487 1314 1515 a
1341 1468 1525 1515 sollerti
1560 1468 1730 1530 gregis
1757 1468 1995 1529 magistro

438 1556 493 1603 L.
535 1555 774 1601 Ambivio
815 1554 1072 1615 Turpione
1114 1553 1354 1599 Terentio
1394 1552 1727 1599 substitutam.

581 1639 754 1684 Redeo
792 1638 855 1684 ad
896 1636 1019 1698 prol.
1064 1652 1128 1696 30
1156 1653 1264 1698 sqq.
1329 1635 1463 1682 Dicit
1488 1653 1540 1681 se
1567 1653 1594 1681 e
1623 1634 1803 1681 Colace
1832 1633 1997 1680 militis

437 1733 486 1768 et
538 1721 738 1783 parasiti
778 1737 1018 1781 personas
1058 1718 1367 1766 transtulisse
1409 1718 1456 1764 in
1500 1718 1797 1764 Eunuchum
1838 1734 1994 1764 suam.

439 1805 552 1867 Quo
592 1805 740 1850 modo
782 1803 902 1849 haec
943 1801 1268 1863 intelligenda
1306 1808 1455 1848 sunt?
1510 1801 1648 1847 Itane
1688 1812 1740 1847 ut
1776 1800 1998 1846 dicamus

440 1887 732 1933 Terentium
786 1887 873 1932 has
924 1897 1116 1932 tantum
1165 1902 1404 1946 personas
1458 1902 1620 1946 neque
1671 1884 1804 1930 aliud
1857 1883 1995 1945 quid-

439 1988 585 2033 quam
629 1981 825 2032 praeter
865 1970 954 2016 has
993 1988 1019 2016 e
1060 1968 1240 2015 Colace
1282 1967 1626 2015 transtulisse?
1683 1967 1779 2013 Vix
1821 1967 1995 2020 credo;

439 2054 621 2101 etenim
675 2054 846 2115 Sanga
891 2053 1141 2114 ceterique
1182 2051 1347 2098 militis
1385 2051 1517 2098 servi
1557 2052 1661 2114 (lv.
1700 2051 1746 2113 7)
1785 2050 1933 2097 etiam
1972 2068 1999 2095 e

442 2137 622 2184 Colace
674 2137 870 2182 fluxisse
911 2136 1111 2182 debent.
1177 2136 1270 2181 His
1308 2135 1686 2181 adnumeranda
1724 2134 1817 2180 erit
1854 2150 2000 2180 serva

442 2220 756 2281 Aethiopica,
796 2230 847 2265 ut
881 2230 1056 2281 postea
1083 2218 1377 2265 videbimus.
1425 2218 1570 2264 Hanc
1592 2217 1655 2262 ob
1679 2234 1779 2263 rem
1805 2215 1999 2278 prologi

442 2304 598 2350 verba
654 2303 918 2364 prohibere
978 2320 1075 2348 non
1129 2302 1330 2355 dehent,
1394 2301 1660 2363 quominus
1711 2317 2002 2346 censeamus

444 2386 547 2433 fieri
600 2386 833 2447 potuisse,
890 2397 941 2431 ut
992 2385 1139 2431 etiam
1192 2384 1316 2430 aliae
1357 2401 1616 2445 personae,
1659 2401 1786 2445 quae
1828 2400 2003 2429 revera

444 2469 777 2515 characterem
821 2469 1171 2514 inconcinnum
1212 2478 1261 2514 et
1288 2467 1535 2528 duplicem
1564 2466 1818 2520 exhibent,
1850 2466 2002 2512 veluti

447 2552 742 2606 Chremetis,
808 2541 983 2613 partim
1049 2568 1110 2597 ex
1176 2550 1435 2604 Eunucho,
1495 2550 1673 2611 partim
1734 2568 1761 2596 e
1822 2549 2002 2595 Colace

446 2646 706 2697 promptae
757 2635 870 2682 sint.
908 2635 943 2698 Ι)
1010 2634 1331 2681 Manifestum
1373 2643 1446 2680 cst
1485 2634 1641 2680 verba
1680 2633 1761 2680 illa
1801 2650 1899 2679 non
1939 2633 2002 2679 ad

446 2718 678 2765 amussim
707 2736 814 2764 esse
842 2718 1116 2779 exigenda;
1149 2734 1310 2779 neque
1342 2728 1507 2763 tamen
1537 2727 1626 2771 est,
1657 2734 1742 2763 cur
1770 2716 2004 2762 miremur

447 2801 709 2863 prologum
764 2818 914 2846 unum
969 2800 1171 2847 militem
1226 2799 1597 2861 parasitumque
1651 2798 2001 2852 nominavisse,

596 3017 631 3064 1)
688 3015 748 3053 Cf.
780 3015 880 3063 Cap.
911 3015 958 3052 V.
