2221 3526
887 252 951 307 89

145 396 340 442 Deinde
381 393 585 440 Gnatho
625 409 733 438 cum
777 390 937 452 puella
966 389 1147 450 prodiit
1174 399 1222 434 et
1251 399 1510 449 postquam
1542 387 1694 433 facete

141 477 364 538 depinxit
417 475 636 537 perditos
682 472 881 535 parasiti
932 488 1107 524 mores,
1163 469 1381 516 narravit
1426 487 1476 514 se
1518 469 1696 514 idcirco

141 559 353 613 venisse,
386 569 437 605 ut
466 557 713 603 Thaidem
743 557 805 603 ad
834 571 1006 601 cenam
1030 553 1263 600 invitaret
1287 551 1698 613 Pamphilumque

140 644 203 690 ad
241 659 349 689 eam
390 641 658 688 deduceret
698 639 774 703 (ΙΙ.
810 655 853 686 2.
892 638 1092 700 1—35).

282 725 575 771 MiciNEKlus
613 723 669 770 fr.
715 726 847 781 296:

282 828 373 877 ἄλλ’
416 826 510 877 οὐδὲ
549 828 745 892 'semitm
783 824 939 889 δύναμ’
981 823 1102 894 εὑρεῖν
1142 822 1293 872 οὐδένα.

283 913 411 960 'aurora
450 932 674 965 τοσαυτων,
716 914 807 958 αλλ’
851 908 1126 972 ἄπείὶῃμμαι
1165 906 1306 971 using.

139 1021 449 1083 comparavit
500 1016 608 1067 cum
663 1019 892 1065 breviore
940 1016 1163 1064 Terentii
1202 1014 1450 1062 sententia
1489 1031 1535 1060 v.
1570 1015 1695 1072 238:

146 1122 348 1159 „omnes
388 1121 465 1151 me
508 1103 609 1150 noti
651 1114 800 1165 atque
839 1100 982 1148 amici
1022 1097 1310 1147 deserunt.''

281 1188 592 1234 GRAUERTL's
644 1204 692 1247 p.
754 1189 844 1246 165
888 1184 950 1231 ad
991 1182 1193 1246 parasiti
1232 1181 1507 1229 orationem
1546 1177 1695 1226 etiam

139 1271 287 1318 refert
325 1271 381 1318 fr.
428 1286 559 1330 294:

281 1367 411 1427 7333,-
450 1367 698 1425 ima-§rma
737 1367 903 1433 ταχέως
942 1369 1104 1423 δίκαιος
1144 1364 1210 1414 ὢν·

279 1457 301 1501 ὁ
338 1451 416 1517 μὲν
454 1449 536 1521 γὰρ
577 1451 689 1520 αὐτῷ
729 1451 912 1516 συλλέγει
952 1454 1023 1498 καὶ
1062 1450 1253 1515 φείδεται,

281 1540 302 1584 Σ
339 1534 385 1584 δὲ
424 1535 494 1584 ’.ἐν
534 1553 672 1583 παλαι
712 1542 898 1603 τηρουπ
940 1530 1180 1602 suarzaa-3023
1220 1551 1328 1580 παντ
1380 1527 1477 1595 ἔχει.

281 1646 596 1709 Quamquam
628 1662 718 1706 pro
752 1654 888 1691 certo
915 1643 1178 1690 adfirmare
1208 1658 1306 1687 non
1335 1638 1506 1692 ausim,
1530 1648 1696 1684 tamen

139 1729 242 1775 fieri
289 1739 469 1790 potest,
525 1738 577 1776 ut
629 1728 721 1774 hoc
772 1727 1105 1789 fragmentum
1148 1725 1241 1771 huc
1280 1722 1542 1786 pertineat,
1584 1719 1699 1783 quia

139 1812 408 1859 Terentius
459 1811 683 1866 fortasse,
736 1828 846 1858 cum
894 1810 941 1857 in
983 1810 1075 1856 hac
1113 1825 1294 1856 scaena
1334 1807 1696 1854 Parmenonem

137 1913 199 1942 ex
259 1895 504 1941 Eunucho
555 1895 778 1949 adderet,
833 1892 1118 1941 Gnathonis
1169 1890 1462 1944 orationem,
1516 1887 1597 1951 qui
1648 1886 1695 1933 in

139 1978 319 2025 Colace
360 1978 437 2025 hic
476 1978 611 2024 solus
650 1995 759 2024 cum
801 1977 996 2039 virgine
1036 1975 1271 2038 prodiret,
1313 1971 1571 2020 coartavit.

281 2062 435 2108 Porro
476 2061 569 2108 hoc
597 2078 795 2124 quoque
823 2060 1087 2107 discrimen
1117 2059 1246 2105 inter
1274 2068 1534 2118 utramque
1561 2053 1695 2100 fabu—

138 2145 233 2192 lam
286 2143 531 2192 exstitisse
582 2155 719 2206 pum,
773 2155 825 2191 ut
876 2144 923 2190 in
965 2143 1161 2190 Graeca
1200 2140 1405 2188 Gnatho
1446 2156 1545 2186 non
1585 2154 1695 2184 cum

139 2227 305 2290 puella
343 2227 553 2275 Thaidis
592 2229 795 2274 domum
836 2226 1111 2281 intraverit,
1151 2225 1239 2272 sed
1268 2223 1374 2286 ipsa
1402 2221 1559 2269 Thais
1587 2237 1695 2282 pro-

138 2310 298 2366 dierit,
353 2321 406 2358 ut
455 2310 701 2372 virginem
742 2309 989 2371 acciperet
1027 2319 1076 2356 et
1114 2318 1229 2370 post
1267 2305 1468 2369 parasiti
1508 2303 1695 2351 abitum

138 2393 441 2457 aliquamdiu
482 2394 529 2440 in
569 2411 751 2441 scaena
790 2392 1041 2448 manserit,
1082 2393 1199 2439 dum
1235 2390 1316 2438 III.
1354 2406 1392 2437 1.
1423 2388 1621 2435 Thraso
1648 2396 1698 2433 et

141 2477 345 2524 Gnatho
385 2476 691 2538 prodierunt.
753 2477 882 2523 Nam
910 2493 1061 2538 supra
1087 2473 1283 2522 ostendi
1312 2474 1439 2520 hanc
1465 2487 1696 2518 scaenam

139 2560 508 2622 lepidissimam,
538 2560 587 2607 in
615 2577 712 2623 qua
740 2560 944 2607 Gnatho
979 2559 1294 2621 impudenter
1328 2555 1467 2603 militi
1494 2555 1623 2601 facta
1648 2563 1698 2599 et

139 2644 271 2691 dicta
307 2661 397 2690 sua
436 2643 604 2705 inepta
632 2639 832 2690 iactanti
859 2653 1140 2690 assentatur
1167 2652 1217 2689 et
1242 2641 1433 2694 suadet,
1462 2648 1514 2685 ut
1542 2653 1694 2684 mere-

139 2726 272 2774 tricis
335 2726 573 2773 invidiam
630 2726 864 2781 stimulet,
923 2725 1093 2788 paucis
1151 2721 1474 2772 Parmenonis
1530 2718 1696 2766 verbis

139 2809 376 2872 exceptiS,
418 2820 572 2856 totam
614 2808 781 2856 Colaci
821 2809 1006 2855 deberi.

283 2892 455 2956 Qualis
477 2884 946 2955 insequens'scaena
966 2891 1124 2946 fuerit,
1148 2890 1342 2938 efficere
1364 2888 1477 2935 licet
1497 2905 1524 2934 e
1548 2886 1628 2932 ΙΙΙ.
1651 2902 1692 2932 2.

140 2976 370 3023 Vidimus
410 2975 704 3022 Terentium
732 2975 779 3022 in
810 2975 901 3023 hac
927 2992 1107 3022 scaena
1133 2972 1481 3036 componenda
1510 2981 1694 3018 utram-
