2221 3526
921 258 979 303 53

179 396 461 440 „strenuum
490 395 539 431 et
577 383 890 431 animosum''
931 394 1101 430 censet
1141 383 1475 438 Chremetem,
1517 384 1597 445 qui
1639 385 1722 431 IV.

178 481 200 528 7
257 468 502 514 Thaidem
555 478 726 514 contra
767 466 970 513 militem
1010 465 1247 520 defendit,
1288 465 1431 513 aliam
1473 484 1579 512 esse
1620 484 1725 528 per-

171 567 343 598 sonam
373 550 402 597 i.
425 567 466 596 e.
498 548 646 603 illam,
670 566 798 611 quae
821 549 867 595 in
892 548 1072 595 Colace
1095 547 1261 594 militis
1283 548 1450 595 rivalis
1471 549 1724 609 prodierit.

315 633 454 679 Haec
494 643 658 679 tamen
700 631 1040 678 controversia
1072 631 1300 678 facillime
1329 631 1394 678 ita
1420 631 1644 686 solvitur,
1676 643 1728 679 ut

171 732 431 777 ponamus,
471 715 841 762 adulescentem
884 715 968 762 IV.
1012 718 1040 760 6
1082 713 1248 760 militis
1287 715 1508 760 adventu
1543 724 1726 776 perter-

171 798 316 845 ritum
350 799 467 862 (755
499 799 631 861 sqq.)
661 797 845 844 Thaidi
873 797 1101 852 suasisse,
1133 807 1185 844 ut
1212 797 1345 843 domi
1373 814 1425 844 se
1453 797 1727 844 includeret

169 881 431 944 ipsumque
471 898 524 928 se
561 881 839 928 subducere
879 880 1142 942 cupivisse,
1185 890 1237 926 ut
1271 881 1543 927 advocatos
1570 897 1727 927 arces-

168 975 300 1012 seret
326 965 446 1028 (763
470 965 580 1027 sq),
616 965 703 1011 sed
735 964 1005 1011 meretricis
1027 963 1459 1010 adhortationibus
1481 974 1726 1010 retentum

169 1065 277 1095 esse
328 1049 644 1111 eundemque
695 1047 877 1094 deinde
917 1048 1002 1094 IV.
1048 1061 1072 1106 7
1126 1047 1340 1108 primum
1379 1047 1542 1093 adhuc
1581 1047 1728 1094 fuisse

169 1131 395 1178 timidum
435 1132 556 1195 (786
597 1133 744 1195 sqq),
784 1132 872 1178 sed
912 1141 1178 1193 postquam
1206 1130 1387 1177 viderit
1420 1130 1727 1177 meretricem

171 1214 310 1261 militi
349 1232 518 1277 parem
558 1232 665 1261 esse
705 1225 754 1261 et
794 1214 925 1260 hunc
964 1214 1060 1261 iam
1101 1213 1419 1275 tergiversari
1462 1231 1551 1260 nec
1590 1214 1727 1277 quid-

168 1315 317 1361 quam
370 1297 572 1360 periculi
623 1315 747 1352 esse,
801 1298 963 1359 ipsum
1014 1314 1066 1344 se
1117 1297 1472 1359 interposuisse
1525 1308 1574 1345 ct
1611 1297 1730 1344 satis

168 1393 369 1429 strenue
409 1381 548 1429 militi
588 1381 785 1436 dixisse,
829 1381 947 1444 quid
989 1381 1057 1427 rei
1096 1391 1242 1428 esset.
1276 1380 1313 1445 I)

313 1465 568 1511 Baius-ms
608 1482 655 1526 p.
699 1468 762 1525 36
802 1465 844 1528 2)
873 1464 956 1510 IV.
989 1468 1017 1510 6
1045 1474 1253 1510 eatenus
1282 1463 1528 1510 Eunucho
1555 1463 1725 1510 deberi

168 1558 353 1602 censet,
412 1558 465 1594 ut
517 1547 785 1594 Terentius
837 1546 1048 1593 Thaidis
1099 1564 1209 1593 cum
1262 1546 1529 1593 Chremete
1580 1546 1726 1593 collo-

168 1630 355 1694 quium,
409 1648 507 1693 quo
559 1631 620 1677 de
671 1630 933 1692 Pamphila
984 1629 1093 1677 cive
1132 1640 1325 1692 agatur,
1366 1648 1427 1676 ex
1465 1647 1524 1677 ea
1562 1629 1728 1677 fabula

167 1714 488 1770 transtulerit,
530 1725 695 1762 cetera
734 1713 838 1776 ipse
879 1713 1227 1775 composuerit.

313 1845 348 1892 1)
404 1843 526 1881 Hunc
565 1844 603 1880 in
642 1843 808 1880 modum
849 1843 928 1879 iam
965 1842 1163 1879 Braunius
1203 1853 1241 1889 p.
1281 1842 1332 1878 26
1365 1847 1406 1879 et
1445 1841 1572 1879 Fabia
1608 1854 1646 1889 p.
1677 1842 1729 1879 46

165 1908 262 1946 Ihnii
293 1909 540 1946 sententiam
570 1908 866 1946 refutaverunt.
910 1908 1108 1945 Braunius
1139 1907 1306 1955 paulum
1332 1907 1470 1944 verbis
1492 1919 1578 1944 rem
1600 1919 1728 1956 exag-

164 1986 311 2024 gerare
340 1974 503 2012 videtur
534 1984 625 2010 cum
651 1973 824 2011 scribat:
857 1984 1009 2020 „quum
1029 1972 1264 2022 (Chremes)
1285 1972 1351 2008 IV.
1372 1973 1398 2009 6
1418 1984 1573 2020 pavore
1595 1984 1728 2020 paene

164 2045 350 2077 mortuus
389 2045 514 2086 esset,
554 2038 784 2076 meretricis
824 2039 918 2075 forti
958 2038 1092 2074 animo
1123 2042 1164 2074 et
1194 2037 1567 2084 adhortationibus,
1597 2037 1728 2085 portis

167 2105 316 2142 clausis
355 2103 408 2155 (v.
446 2104 520 2154 14),
560 2105 668 2142 haud
704 2104 837 2140 minus
868 2103 1017 2151 ineptis
1048 2103 1184 2140 militis
1214 2103 1331 2139 minis
1361 2115 1384 2140 a
1413 2102 1572 2140 Thaide
1602 2103 1728 2140 illusis

166 2170 343 2207 animum
372 2169 557 2218 recipiat,
588 2169 764 2217 primurn
794 2169 936 2217 paucis
965 2169 1104 2207 verbis
1125 2169 1293 2205 militem
1313 2168 1556 2215 alloquatur,
1578 2168 1728 2205 deinde

165 2235 270 2272 male
311 2240 509 2282 acceptus
544 2234 727 2281 satisque
760 2246 805 2271 se
835 2239 969 2271 tutum
999 2239 1094 2281 post
1123 2238 1266 2281 portas
1297 2233 1457 2270 clausas
1487 2238 1600 2270 ratus
1632 2245 1728 2271 con-

166 2299 282 2337 viciis
319 2300 528 2337 adoriatur
567 2300 851 2337 adversarium
891 2299 1152 2346 animumque
1192 2298 1431 2346 praebeat‘’.
1483 2298 1589 2336 Vide
1633 2311 1729 2336 num

165 2378 203 2403 v.
224 2365 263 2403 d.
294 2377 317 2403 e
348 2366 424 2412 784
459 2365 528 2414 (cf.
561 2365 633 2411 763
667 2366 775 2412 sqq.)
806 2370 920 2402 recte
951 2365 1139 2401 effecerit
1168 2368 1310 2412 portas
1342 2364 1503 2401 clausas
1534 2376 1640 2401 esse.

309 2457 349 2505 2)
404 2454 522 2492 Haec
552 2460 648 2492 sunt
676 2455 804 2492 verba
830 2454 993 2492 Braunii
1014 2454 1068 2504 (p.
1094 2454 1180 2504 36):
1212 2453 1376 2501 „Atque
1399 2453 1431 2491 si
1454 2454 1543 2501 quis
1567 2454 1728 2492 Colacis

166 2531 258 2558 esse
296 2520 400 2557 hanc
440 2531 607 2557 scenam
647 2520 842 2568 disputet,
883 2532 933 2556 ne
964 2519 1003 2556 in
1033 2519 1186 2557 Colace
1217 2519 1383 2567 quidem
1414 2531 1504 2556 eam
1534 2519 1589 2556 ita
1618 2531 1728 2556 com-

166 2589 354 2632 paratam
382 2584 509 2621 fuisse
540 2584 648 2631 licet,
679 2585 873 2632 quoniam
894 2585 933 2621 in
954 2597 1003 2622 ea
1025 2584 1162 2622 fabula
1184 2584 1235 2621 de
1257 2584 1464 2632 Pamphila
1485 2584 1574 2622 cive
1598 2585 1728 2622 libera

166 2650 390 2698 aperienda
419 2649 515 2686 nihil
545 2641 700 2699 agitur(
723 2650 951 2687 Transtulit
982 2650 1105 2699 igitur
1136 2661 1190 2686 ex
1211 2649 1412 2686 Eunucho
1433 2649 1654 2687 Terentius
1676 2649 1729 2686 nil

165 2714 239 2751 nisi
271 2714 403 2762 ipsam
432 2726 518 2751 rem
549 2720 696 2761 actam,
727 2715 896 2752 Thaidis
927 2726 1019 2752 cum
1051 2714 1272 2753 Chremete
1305 2714 1551 2762 colloquium
1573 2726 1655 2762 quo
1677 2715 1727 2751 de

166 2779 373 2827 Pamphila
415 2779 503 2816 cive
539 2780 693 2828 agitur,
736 2780 966 2818 Chremetis
998 2780 1243 2818 ebrietatem
1273 2779 1558 2827 timoremque,
1589 2792 1728 2817 narra-

165 2844 320 2881 tionem
353 2856 460 2891 quae
495 2844 547 2881 de
582 2845 712 2892 epulis
748 2845 805 2892 fit,
850 2845 1017 2882 Thaidis
1053 2845 1376 2891 adhortationes,
1413 2857 1519 2892 quae
1550 2856 1727 2882 scaenae

170 2917 188 2957 5
211 2914 253 2946 et
271 2910 296 2946 6
317 2909 464 2955 insunt,
487 2909 565 2946 etsi
586 2910 810 2957 permultas
832 2911 1059 2947 sententias
1085 2910 1279 2958 dictaque
1301 2922 1322 2947 e
1345 2910 1497 2948 Colace
1519 2915 1727 2947 mutuatus

167 2979 242 3021 est,
274 2974 361 3022 ipse
394 2973 681 3022 composuisse
710 2974 958 3023 putandus''.
