2221 3526
895 278 960 322 49

150 403 345 450 fabulae
396 414 811 450 commemoratae
863 403 1291 450 obliviscerentur.
1348 405 1546 451 Deinde
1591 416 1703 467 post

151 487 206 533 II.
264 503 288 546 3
344 486 569 532 Chaerea
621 486 701 532 III.
749 502 771 531 2
814 486 1030 532 eunuchi
1071 496 1210 533 veste
1252 486 1454 533 indutus
1492 488 1698 549 prodiit;

148 568 224 615 cui
276 586 336 615 ne
382 579 577 630 tempus
628 568 781 615 vestis
832 570 1101 616 mutandae
1152 570 1364 624 deesset,
1405 570 1613 616 fortasse
1653 569 1701 616 in

149 652 414 698 Menandri
467 651 712 698 Eunucho
763 668 961 714 quoque
1002 652 1130 698 inter
1167 669 1253 699 eas
1291 669 1497 699 scaenas
1535 653 1703 699 brevis

146 752 326 782 scaena
362 734 466 789 fuit,
508 734 556 781 in
597 752 696 798 qua
734 735 834 782 fere
876 752 1022 782 nemo
1062 736 1153 782 nisi
1195 735 1352 783 Thais
1384 754 1495 783 cum
1525 736 1703 798 Pythia

146 818 345 879 prodire
390 817 565 880 potuit,
611 829 660 865 ut
697 818 935 880 gaudium
976 820 1262 866 ostenderet
1300 830 1350 866 et
1390 830 1612 866 narraret
1651 837 1703 865 se

145 902 207 947 ad
248 901 451 948 militem
486 901 663 948 ituram
691 918 815 956 esse,
846 912 898 948 ut
924 902 967 948 ei
994 902 1182 963 gratias
1207 913 1396 965 ageret.
1456 903 1702 949 Parmeno

144 1001 254 1032 eam
306 985 541 1039 retinuit,.
575 996 628 1031 ut
678 985 721 1031 ei
766 985 1050 1032 eunuchum
1091 986 1316 1041 offerret3
1359 1003 1458 1048 quo
1496 996 1702 1048 accepto

145 1067 490 1130 mandatisque
532 1067 739 1129 Pythiae
777 1068 906 1114 datis
945 1068 1103 1115 Thais
1141 1069 1204 1115 ad
1244 1068 1448 1116 militem
1483 1068 1703 1130 profecta

143 1161 245 1206 est;
285 1150 466 1198 deinde
507 1150 748 1198 Chremes
785 1152 963 1198 eodem
1003 1152 1264 1198 deducitur
1302 1162 1351 1198 et
1390 1162 1565 1214 postea
1591 1169 1702 1198 cum

145 1234 344 1282 Thaide
383 1234 523 1281 redit.

287 1318 544 1365 Postremo
571 1317 1073 1365 animadvertendum
1112 1328 1188 1365 est
1210 1318 1505 1366 Terentium
1529 1335 1703 1365 servae

144 1400 474 1463 Aethiopicae
525 1418 551 1448 e
604 1400 784 1448 Colace
842 1412 1127 1464 assumptae
1187 1419 1286 1448 non
1342 1401 1566 1457 oblitum,
1626 1402 1704 1449 hic

145 1484 289 1531 huius
327 1485 679 1531 deductionem
719 1485 968 1549 (16-—18)
1009 1503 1120 1532 cum
1154 1486 1369 1532 eunuchi
1404 1485 1703 1532 deductione

143 1568 474 1621 coniunxisse,
527 1579 631 1615 tum
685 1569 962 1615 Thrasonis
1014 1569 1438 1631 Parmenonisque
1489 1569 1701 1630 iurgium

143 1652 394 1716 (33—38)
432 1652 494 1698 de
532 1669 622 1698 suo
661 1651 910 1699 addidisse
