2221 3526
1185 249 1245 309 38

439 389 692 435 custodem
732 388 1004 455 (περίπολον).
1060 387 1331 433 Nencinius
1371 404 1417 448 p,
1454 402 1512 445 91
1547 403 1620 448 sq.
1659 386 1695 449 1)
1735 403 1761 431 6
1802 386 1990 434 Donati

439 471 636 518 scholiis
686 470 937 517 declarare
988 480 1207 524 conatur,
1261 486 1344 515 cur
1396 468 1661 515 Terentius
1714 468 1989 515 Chaeream

440 554 596 601 Piraei
635 554 887 600 custodem
927 570 1034 599 esse
1075 552 1287 606 finxerit,
1330 569 1507 613 nempe
1548 561 1599 598 ut
1637 550 1799 614 aliqua
1845 569 1992 599 causa

439 648 584 692 esset,
625 637 689 682 ob
729 653 874 699 quam
912 635 1068 681 Thais
1097 635 1350 681 Chaereae
1380 635 1552 696 ignota
1577 645 1722 680 esset.
1764 634 1990 681 Alteram

441 720 582 766 huius
605 720 671 765 rei
700 736 895 765 causam
925 718 1113 779 profert
1135 718 1379 764 Parmeno
1402 735 1449 764 v.
1482 732 1596 777 539,
1627 717 1708 763 ubi
1736 717 1991 764 Chaereae

441 812 607 849 narrat
647 801 894 848 Thaidem
936 801 992 847 iis
1032 800 1163 846 haud
1202 800 1283 846 diu
1323 817 1431 846 esse
1458 800 1686 847 vicinam.
1728 800 1829 846 Sed
1858 801 1991 847 Nen-

440 885 594 931 cinius
631 902 658 930 e
700 885 903 930 Donato
943 884 1006 930 ad
1046 884 1102 930 II.
1149 900 1192 943 3.
1236 887 1328 942 69:
1377 899 1452 938 ,‚2.
1491 883 1592 929 Sed
1633 883 1782 929 nimio
1822 882 1992 945 lepore

447 967 784 1023 „Terentiano
835 966 929 1012 iam
982 965 1100 1011 illud
1153 965 1329 1027 agitur.
1391 966 1519 1011 Nam
1578 964 1655 1011 hic
1716 965 1993 1013 ostenditur

447 1048 740 1105 „verisimile
779 1066 887 1095 esse
927 1065 1018 1109 pro
1056 1048 1284 1094 eunucho
1324 1047 1562 1094 creditum
1602 1049 1734 1109 apud
1779 1048 1991 1095 vicinam

447 1132 783 1189 „meretricem
837 1131 1130 1186 Chaeream,
1177 1131 1259 1193 qui
1299 1131 1425 1177 adeo
1460 1131 1659 1192 ignotus
1697 1131 1759 1177 sit
1805 1131 1992 1178 mulieri

448 1227 528 1271 „ut
567 1234 656 1263 nec
695 1215 800 1277 ipse
833 1232 942 1261 eam
972 1213 1183 1268 noverit,
1214 1214 1346 1276 quod
1375 1224 1481 1260 erat
1507 1213 1693 1260 facilius
1719 1225 1769 1260 et
1795 1231 1991 1277 promp-

447 1299 585 1355 „tius.
639 1299 704 1345 Et
753 1298 950 1344 additur
999 1297 1148 1352 color,
1190 1297 1323 1359 quod
1362 1308 1412 1344 et
1449 1296 1532 1344 illa
1571 1315 1669 1343 non
1710 1298 1791 1344 diu
1831 1297 1994 1344 vicina

447 1392 550 1437 „est
583 1392 632 1429 et
666 1382 799 1444 quod
825 1380 1117 1428 adulescens
1145 1380 1192 1427 in
1222 1380 1396 1426 Piraeo
1424 1380 1635 1442 primum
1663 1391 1994 1428 commoratus

444 1464 596 1521 ‚‚est‚''
651 1465 800 1512 efficit
851 1482 949 1510 non
1001 1463 1159 1510 solum
1202 1463 1457 1510 Chaereae
1498 1480 1688 1518 munus,
1730 1464 1817 1510 sed
1845 1464 1992 1510 etiam

386 1583 388 1585 -
438 1559 686 1596 recentem
722 1547 992 1595 meretricis
1019 1546 1324 1593 vicinitatem
1353 1563 1382 1593 a
1410 1546 1650 1593 Terentio
1678 1547 1839 1594 fictam
1868 1564 1991 1594 esse.

441 1633 587 1679 Hanc
643 1632 707 1678 ob
766 1649 868 1678 rem
930 1631 1201 1678 Nencinius
1258 1641 1443 1677 temere
1501 1640 1641 1692 putat
1699 1630 1992 1677 Phaedriam

439 1733 635 1778 quoque
675 1715 806 1761 haud
846 1715 928 1761 diu
969 1715 1169 1761 novisse
1210 1714 1458 1760 Thaidem
1486 1723 1550 1767 et,
1580 1730 1687 1759 cum
1715 1730 1742 1760 e
1771 1714 1832 1760 V.
1860 1728 1902 1774 5.
1930 1730 1985 1774 31

438 1798 589 1863 (‚‚iam
641 1797 778 1862 diu”)
829 1809 878 1845 et
928 1816 954 1844 e
1010 1798 1212 1844 Donato
1263 1798 1326 1843 ad
1379 1797 1424 1843 h.
1467 1814 1514 1844 v.
1556 1795 1706 1860 (‚,iam
1747 1796 1994 1860 pridem'')

439 1892 677 1944 appareat
712 1881 1006 1928 Phaedriam
1035 1882 1167 1943 apud
1200 1881 1533 1927 Menandrum
1562 1879 1657 1926 iam
1685 1879 1767 1925 diu
1797 1879 1994 1926 novisse

441 1965 704 2019 Thaidem,
770 1965 945 2011 mirum
1010 1965 1057 2010 in
1124 1964 1323 2009 modum
1388 1962 1636 2009 concludit
1697 1980 1806 2009 eam
1863 1964 1995 2025 apud

441 2049 774 2095 Menandrum
822 2048 917 2094 iam
958 2047 1040 2094 diu
1082 2047 1138 2094 iis
1177 2047 1391 2093 vicinam
1432 2046 1594 2094 fuisse.
1637 2045 1797 2092 Multo
1838 2046 1995 2108 magis

589 2202 623 2247 Ι)
679 2200 902 2237 Nencinius
933 2212 971 2247 p.
1001 2210 1048 2245 91
1083 2211 1142 2246 sq.
1175 2199 1232 2235 sic
1264 2198 1424 2235 scribit:
1449 2197 1515 2243 „Si
1539 2198 1629 2245 quis
1651 2202 1787 2234 autem
1809 2197 1995 2245 anquirat

441 2280 513 2305 cur
552 2266 771 2304 Terentius
812 2265 1041 2303 Chaeream
1080 2265 1118 2301 in
1157 2265 1299 2301 Piraeo
1340 2263 1555 2300 custodem
1586 2262 1763 2309 finxerit,
1795 2275 1817 2299 6
1847 2264 1995 2300 Donati

442 2333 605 2370 scholiis
636 2331 788 2379 passim
821 2330 1021 2378 colligitur
1052 2329 1089 2365 id
1121 2330 1275 2365 factum
1305 2341 1413 2374 csse,
1444 2340 1494 2364 nc
1525 2328 1587 2365 cui
1609 2328 1755 2364 mirum
1775 2329 1996 2376 videretur,

442 2398 554 2445 quod
567 2397 768 2435 Thaidem
781 2396 1025 2432 adulescens
1038 2407 1119 2431 non
1134 2399 1422 2443 cognosceret.
1440 2394 1502 2430 Ad
1517 2394 1594 2430 hoc
1608 2393 1729 2430 etiam
1747 2394 1996 2431 vicinitatem

442 2462 670 2501 meretricis
701 2464 912 2497 recentem
942 2459 1112 2496 finxisse
1143 2459 1381 2496 Terentium
1412 2471 1563 2495 censeo
1595 2458 1717 2505 idque
1743 2470 1797 2495 ex
1818 2460 1923 2496 Don.
1946 2461 1996 2496 ad

442 2529 484 2565 ΙΙ.
519 2538 551 2574 3.
581 2528 631 2563 68
663 2526 837 2574 colligo:
870 2525 1017 2571 „nimio
1049 2525 1189 2572 lcporc
1222 2524 1472 2561 Terentiano
1503 2536 1538 2560 e.
1566 2536 1603 2571 q.
1627 2523 1683 2560 s.⁷'
1706 2524 1784 2561 Ubi
1806 2524 1997 2571 quoniam

443 2592 679 2631 additicium
711 2590 922 2628 Chaereae
953 2590 992 2626 in
1013 2589 1155 2626 Piraeo
1177 2601 1323 2626 munus
1346 2594 1386 2626 et
1403 2589 1633 2625 meretricis
1649 2600 1796 2626 recens
1812 2589 1997 2626 vicinitas

443 2672 522 2697 una
552 2660 937 2701 commemorantur,
969 2655 1202 2702 proximum
1233 2659 1296 2691 est
1326 2659 1370 2691 ut
1400 2654 1522 2691 etiam
1552 2654 1780 2691 meretricis
1811 2654 1996 2692 vicinitas

444 2736 590 2762 recens
621 2736 643 2760 a
672 2722 870 2760 Terentio
902 2722 997 2759 ficta
1027 2722 1089 2759 sit.
1122 2722 1281 2769 Quodsi
1313 2722 1568 2769 reputaveris
1599 2722 1715 2758 simul
1737 2721 1997 2759 meretricem

444 2790 577 2836 „haud
617 2787 710 2825 diu''
750 2788 923 2825 vicinam
958 2787 1183 2824 Phaedriae
1214 2787 1340 2823 fuisse
1371 2786 1415 2824 ΙΙ.
1449 2796 1480 2833 3.
1512 2787 1575 2833 68,
1606 2787 1846 2824 Phaedriam
1877 2787 1998 2835 igitur

443 2855 551 2891 haud
582 2854 650 2890 diu
681 2853 782 2890 illius
814 2865 953 2889 amore
985 2858 1162 2900 captum,
1193 2857 1277 2889 tum
1308 2864 1407 2889 vero
1439 2852 1691 2900 probabilius
1713 2853 1790 2889 hoc
1812 2852 1881 2888 fit:
1904 2864 1998 2888 nam

445 2931 508 2967 ap.
539 2919 647 2955 Men.
679 2918 782 2965 „iam
804 2917 986 2965 pridem”
1011 2917 1320 2954 adulescentem
1337 2929 1359 2954 a
1376 2918 1594 2954 meretrice
1617 2921 1856 2964 corruptum
1871 2916 1997 2954 fuisse

445 2989 620 3021 testatur
650 2984 835 3021 Donatus
866 2970 916 3020 affd
947 2983 994 3020 V.
1029 2991 1060 3030 5.
1095 2993 1167 3030 303
1199 2995 1299 3033 ergo
1330 2983 1408 3020 iam
1437 2983 1597 3031 pridem
1626 2983 1713 3020 eius
1743 2983 1875 3020 vicina
1910 2987 1999 3019 erat

445 3049 642 3086 meretrix
671 3049 710 3085 in
739 3049 847 3086 Men.
878 3048 1007 3085 Eun.’'
