<?xml version="1.0" encoding="UTF-8"?>
<!DOCTYPE html PUBLIC "-//W3C//DTD XHTML 1.0 Transitional//EN"
    "http://www.w3.org/TR/xhtml1/DTD/xhtml1-transitional.dtd">
<html xmlns="http://www.w3.org/1999/xhtml" xml:lang="en" lang="en">
 <head>
  <title>
</title>
<meta http-equiv="Content-Type" content="text/html;charset=utf-8" />
  <meta name='ocr-system' content='tesseract 3.04.00' />
  <meta name='ocr-capabilities' content='ocr_page ocr_carea ocr_par ocr_line ocrx_word'/>
</head>
<body>
  <div class='ocr_page' id='page_1' title='image "./deeunuchiterenti00oudeuoft_0116.png"; bbox 0 0 2221 3526; ppageno 0'>
   <div class='ocr_carea' id='block_1_1' title="bbox 1154 255 1244 287">
    <p class='ocr_par' dir='ltr' id='par_1_1' title="bbox 1154 255 1244 287">
     <span class='ocr_line' id='line_1_1' title="bbox 1154 255 1244 287; baseline 0 0"><span class='ocrx_word' id='word_1_1' title='bbox 1154 255 1244 287; x_wconf 86' lang='lat'>102</span> 
     </span>
    </p>
   </div>
   <div class='ocr_carea' id='block_1_2' title="bbox 1150 380 1238 428">
    <p class='ocr_par' dir='ltr' id='par_1_2' title="bbox 1150 380 1238 428">
     <span class='ocr_line' id='line_1_2' title="bbox 1150 380 1238 428; baseline 0.011 -2"><span class='ocrx_word' id='word_1_2' title='bbox 1150 380 1238 428; x_wconf 91' lang='lat' dir='ltr'>XI.</span> 
     </span>
    </p>
   </div>
   <div class='ocr_carea' id='block_1_3' title="bbox 420 497 1977 730">
    <p class='ocr_par' dir='ltr' id='par_1_3' title="bbox 420 497 1977 730">
     <span class='ocr_line' id='line_1_3' title="bbox 562 497 1604 566; baseline 0.002 -22"><span class='ocrx_word' id='word_1_3' title='bbox 562 497 764 544; x_wconf 87' lang='lat' dir='ltr'>Lucian.</span> <span class='ocrx_word' id='word_1_4' title='bbox 825 503 922 552; x_wconf 67' lang='grc' dir='ltr'>Πῶς</span> <span class='ocrx_word' id='word_1_5' title='bbox 960 497 1024 544; x_wconf 71' lang='grc' dir='ltr'>δεῖ</span> <span class='ocrx_word' id='word_1_6' title='bbox 1059 497 1136 544; x_wconf 76' lang='grc' dir='ltr'>ἱστ.</span> <span class='ocrx_word' id='word_1_7' title='bbox 1195 517 1340 566; x_wconf 62' lang='grc' dir='ltr'>συγγρ.</span> <span class='ocrx_word' id='word_1_8' title='bbox 1402 515 1480 559; x_wconf 86' lang='lat'>51.</span> <span class='ocrx_word' id='word_1_9' title='bbox 1524 504 1604 547; x_wconf 88' lang='lat'>62.</span> 
     </span>
     <span class='ocr_line' id='line_1_4' title="bbox 562 575 1977 649; baseline 0.001 -23"><span class='ocrx_word' id='word_1_10' title='bbox 562 576 607 626; x_wconf 62' lang='grc' dir='ltr'>οὔ</span> <span class='ocrx_word' id='word_1_11' title='bbox 657 575 739 647; x_wconf 57' lang='grc' dir='ltr'>γὰρ</span> <span class='ocrx_word' id='word_1_12' title='bbox 791 576 924 627; x_wconf 53' lang='grc' dir='ltr'>ὥσπε»</span> <span class='ocrx_word' id='word_1_13' title='bbox 976 584 1058 635; x_wconf 68' lang='grc' dir='ltr'>τεῖς</span> <span class='ocrx_word' id='word_1_14' title='bbox 1110 579 1282 648; x_wconf 50' lang='lat' dir='ltr'>(Masso-i</span> <span class='ocrx_word' id='word_1_15' title='bbox 1331 578 1572 649; x_wconf 57' lang='grc' dir='ltr'>γράφωσιν,</span> <span class='ocrx_word' id='word_1_16' title='bbox 1626 578 1738 630; x_wconf 56' lang='grc' dir='ltr'>ἁλλὰ</span> <span class='ocrx_word' id='word_1_17' title='bbox 1788 577 1842 629; x_wconf 67' lang='grc' dir='ltr'>τὰ</span> <span class='ocrx_word' id='word_1_18' title='bbox 1899 579 1977 645; x_wconf 75' lang='grc' dir='ltr'>μὲν</span> 
     </span>
     <span class='ocr_line' id='line_1_5' title="bbox 420 660 1206 730; baseline 0.001 -21"><span class='ocrx_word' id='word_1_19' title='bbox 420 661 722 727; x_wconf 58' lang='grc' dir='ltr'>λεχὲησόρενα</span> <span class='ocrx_word' id='word_1_20' title='bbox 759 660 843 710; x_wconf 69' lang='grc' dir='ltr'>ἔστι</span> <span class='ocrx_word' id='word_1_21' title='bbox 881 665 952 709; x_wconf 74' lang='grc' dir='ltr'>καὶ</span> <span class='ocrx_word' id='word_1_22' title='bbox 990 662 1206 730; x_wconf 64' lang='grc' dir='ltr'>εἰρήσεται.</span> 
     </span>
    </p>
   </div>
   <div class='ocr_carea' id='block_1_4' title="bbox 561 744 1295 813">
    <p class='ocr_par' dir='ltr' id='par_1_4' title="bbox 561 744 1295 813">
     <span class='ocr_line' id='line_1_6' title="bbox 561 744 1295 813; baseline 0 -20"><span class='ocrx_word' id='word_1_23' title='bbox 561 747 656 793; x_wconf 89' lang='lat' dir='ltr'>Pro</span> <span class='ocrx_word' id='word_1_24' title='bbox 695 745 895 813; x_wconf 64' lang='grc' dir='ltr'><em>εἰρήσεται</em></span> <span class='ocrx_word' id='word_1_25' title='bbox 934 746 1029 808; x_wconf 83' lang='lat' dir='ltr'>leg.</span> <span class='ocrx_word' id='word_1_26' title='bbox 1070 744 1295 813; x_wconf 63' lang='grc' dir='ltr'>εὑρήσεται.</span> 
     </span>
    </p>
   </div>
   <div class='ocr_carea' id='block_1_5' title="bbox 1139 888 1250 936">
    <p class='ocr_par' dir='ltr' id='par_1_5' title="bbox 1139 888 1250 936">
     <span class='ocr_line' id='line_1_7' title="bbox 1139 888 1250 936; baseline 0.009 -1"><span class='ocrx_word' id='word_1_27' title='bbox 1139 888 1250 936; x_wconf 92' lang='lat' dir='ltr'><strong>XII.</strong></span> 
     </span>
    </p>
   </div>
   <div class='ocr_carea' id='block_1_6' title="bbox 414 1005 1975 1152">
    <p class='ocr_par' dir='ltr' id='par_1_6' title="bbox 414 1005 1975 1152">
     <span class='ocr_line' id='line_1_8' title="bbox 559 1005 1975 1055; baseline 0.002 -3"><span class='ocrx_word' id='word_1_28' title='bbox 559 1005 849 1053; x_wconf 79' lang='lat' dir='ltr'><strong>Hellanicus</strong></span> <span class='ocrx_word' id='word_1_29' title='bbox 890 1007 1100 1054; x_wconf 77' lang='lat' dir='ltr'>Lesbius</span> <span class='ocrx_word' id='word_1_30' title='bbox 1142 1006 1341 1055; x_wconf 85' lang='lat' dir='ltr'>videtur</span> <span class='ocrx_word' id='word_1_31' title='bbox 1381 1019 1524 1054; x_wconf 89' lang='lat' dir='ltr'>natus</span> <span class='ocrx_word' id='word_1_32' title='bbox 1561 1026 1670 1055; x_wconf 88' lang='lat' dir='ltr'>esse</span> <span class='ocrx_word' id='word_1_33' title='bbox 1708 1025 1842 1055; x_wconf 89' lang='lat' dir='ltr'>anno</span> <span class='ocrx_word' id='word_1_34' title='bbox 1874 1009 1975 1055; x_wconf 86' lang='lat' dir='ltr'>fere</span> 
     </span>
     <span class='ocr_line' id='line_1_9' title="bbox 414 1088 1530 1152; baseline 0.003 -17"><span class='ocrx_word' id='word_1_35' title='bbox 414 1104 517 1148; x_wconf 81' lang='lat'>490</span> <span class='ocrx_word' id='word_1_36' title='bbox 555 1100 604 1136; x_wconf 89' lang='lat' dir='ltr'>et</span> <span class='ocrx_word' id='word_1_37' title='bbox 642 1088 774 1137; x_wconf 87' lang='lat' dir='ltr'>diem</span> <span class='ocrx_word' id='word_1_38' title='bbox 814 1089 995 1137; x_wconf 88' lang='lat' dir='ltr'>obiisse</span> <span class='ocrx_word' id='word_1_39' title='bbox 1034 1101 1148 1152; x_wconf 84' lang='lat' dir='ltr'>post</span> <span class='ocrx_word' id='word_1_40' title='bbox 1187 1108 1373 1138; x_wconf 88' lang='lat' dir='ltr'>annum</span> <span class='ocrx_word' id='word_1_41' title='bbox 1414 1095 1530 1150; x_wconf 82' lang='lat'><strong>406.</strong></span> 
     </span>
    </p>
   </div>
   <div class='ocr_carea' id='block_1_7' title="bbox 1125 1232 1275 1279">
    <p class='ocr_par' dir='ltr' id='par_1_7' title="bbox 1125 1232 1275 1279">
     <span class='ocr_line' id='line_1_10' title="bbox 1125 1232 1275 1279; baseline 0.007 -1"><span class='ocrx_word' id='word_1_42' title='bbox 1125 1232 1275 1279; x_wconf 66' lang='lat' dir='ltr'>XIII.</span> 
     </span>
    </p>
   </div>
   <div class='ocr_carea' id='block_1_8' title="bbox 411 1349 1974 1829">
    <p class='ocr_par' dir='ltr' id='par_1_8' title="bbox 411 1349 1974 1829">
     <span class='ocr_line' id='line_1_11' title="bbox 555 1349 1974 1413; baseline 0.002 -18"><span class='ocrx_word' id='word_1_43' title='bbox 555 1349 609 1395; x_wconf 94' lang='lat' dir='ltr'>In</span> <span class='ocrx_word' id='word_1_44' title='bbox 649 1349 948 1411; x_wconf 81' lang='lat' dir='ltr'>explicanda</span> <span class='ocrx_word' id='word_1_45' title='bbox 989 1351 1275 1398; x_wconf 87' lang='lat' dir='ltr'>narratione</span> <span class='ocrx_word' id='word_1_46' title='bbox 1316 1351 1646 1413; x_wconf 87' lang='lat' dir='ltr'>Thucydidea</span> <span class='ocrx_word' id='word_1_47' title='bbox 1682 1352 1745 1398; x_wconf 86' lang='lat' dir='ltr'>de</span> <span class='ocrx_word' id='word_1_48' title='bbox 1774 1352 1974 1399; x_wconf 86' lang='lat' dir='ltr'>Heraeo</span> 
     </span>
     <span class='ocr_line' id='line_1_12' title="bbox 411 1432 1972 1483; baseline 0.003 -5"><span class='ocrx_word' id='word_1_49' title='bbox 411 1432 474 1478; x_wconf 91' lang='lat' dir='ltr'>ab</span> <span class='ocrx_word' id='word_1_50' title='bbox 515 1433 913 1480; x_wconf 80' lang='lat' dir='ltr'>Atheniensibus</span> <span class='ocrx_word' id='word_1_51' title='bbox 951 1435 1144 1481; x_wconf 88' lang='lat' dir='ltr'>munito</span> <span class='ocrx_word' id='word_1_52' title='bbox 1178 1446 1229 1482; x_wconf 88' lang='lat' dir='ltr'>et</span> <span class='ocrx_word' id='word_1_53' title='bbox 1270 1434 1440 1481; x_wconf 85' lang='lat' dir='ltr'>relicto</span> <span class='ocrx_word' id='word_1_54' title='bbox 1467 1452 1639 1481; x_wconf 83' lang='lat' dir='ltr'>verum</span> <span class='ocrx_word' id='word_1_55' title='bbox 1667 1435 1836 1483; x_wconf 84' lang='lat' dir='ltr'>fefellit</span> <span class='ocrx_word' id='word_1_56' title='bbox 1862 1453 1972 1482; x_wconf 87' lang='lat' dir='ltr'>cum</span> 
     </span>
     <span class='ocr_line' id='line_1_13' title="bbox 412 1514 1972 1578; baseline 0.003 -17"><span class='ocrx_word' id='word_1_57' title='bbox 412 1514 573 1562; x_wconf 86' lang='lat' dir='ltr'>virum</span> <span class='ocrx_word' id='word_1_58' title='bbox 626 1515 683 1563; x_wconf 97' lang='grc'>61.</span> <span class='ocrx_word' id='word_1_59' title='bbox 740 1516 963 1572; x_wconf 79' lang='lat' dir='ltr'>Classen,</span> <span class='ocrx_word' id='word_1_60' title='bbox 1018 1518 1081 1563; x_wconf 87' lang='lat' dir='ltr'>ad</span> <span class='ocrx_word' id='word_1_61' title='bbox 1134 1518 1294 1564; x_wconf 89' lang='lat' dir='ltr'>Thuc.</span> <span class='ocrx_word' id='word_1_62' title='bbox 1350 1518 1411 1564; x_wconf 88' lang='lat' dir='ltr'>V.</span> <span class='ocrx_word' id='word_1_63' title='bbox 1455 1520 1534 1565; x_wconf 80' lang='lat'>80.</span> <span class='ocrx_word' id='word_1_64' title='bbox 1580 1534 1606 1578; x_wconf 81' lang='lat'>3</span> <span class='ocrx_word' id='word_1_65' title='bbox 1647 1519 1972 1565; x_wconf 86' lang='lat' dir='ltr'>adnotantem</span> 
     </span>
     <span class='ocr_line' id='line_1_14' title="bbox 411 1598 1972 1661; baseline 0.003 -17"><span class='ocrx_word' id='word_1_66' title='bbox 411 1598 559 1645; x_wconf 86' lang='lat' dir='ltr'>etiam</span> <span class='ocrx_word' id='word_1_67' title='bbox 601 1599 825 1661; x_wconf 79' lang='lat' dir='ltr'>Argivos</span> <span class='ocrx_word' id='word_1_68' title='bbox 865 1599 916 1646; x_wconf 89' lang='lat' dir='ltr'>in</span> <span class='ocrx_word' id='word_1_69' title='bbox 959 1600 1161 1647; x_wconf 86' lang='lat' dir='ltr'>Heraeo</span> <span class='ocrx_word' id='word_1_70' title='bbox 1201 1600 1364 1656; x_wconf 75' lang='lat' dir='ltr'>fuisse,</span> <span class='ocrx_word' id='word_1_71' title='bbox 1406 1611 1507 1647; x_wconf 89' lang='lat' dir='ltr'>tum</span> <span class='ocrx_word' id='word_1_72' title='bbox 1548 1601 1682 1647; x_wconf 86' lang='lat' dir='ltr'>viros</span> <span class='ocrx_word' id='word_1_73' title='bbox 1720 1601 1778 1649; x_wconf 88' lang='lat' dir='ltr'>cl.</span> <span class='ocrx_word' id='word_1_74' title='bbox 1813 1601 1972 1658; x_wconf 88' lang='lat' dir='ltr'>Stahl,</span> 
     </span>
     <span class='ocr_line' id='line_1_15' title="bbox 411 1679 1974 1747; baseline 0.003 -19"><span class='ocrx_word' id='word_1_75' title='bbox 411 1699 459 1729; x_wconf 87' lang='lat' dir='ltr'>v.</span> <span class='ocrx_word' id='word_1_76' title='bbox 503 1682 832 1738; x_wconf 84' lang='lat' dir='ltr'>Herwerden,</span> <span class='ocrx_word' id='word_1_77' title='bbox 877 1682 1103 1738; x_wconf 80' lang='lat' dir='ltr'>Classen,</span> <span class='ocrx_word' id='word_1_78' title='bbox 1133 1683 1288 1730; x_wconf 87' lang='lat' dir='ltr'>verba</span> <span class='ocrx_word' id='word_1_79' title='bbox 1315 1680 1651 1747; x_wconf 57' lang='grc' dir='ltr'>ἅνανεωσσῖμενῡι</span> <span class='ocrx_word' id='word_1_80' title='bbox 1683 1679 1759 1740; x_wconf 63' lang='grc' dir='ltr'>τὰς</span> <span class='ocrx_word' id='word_1_81' title='bbox 1785 1681 1974 1740; x_wconf 64' lang='grc' dir='ltr'>σπονδάς</span> 
     </span>
     <span class='ocr_line' id='line_1_16' title="bbox 413 1766 1092 1829; baseline 0.004 -18"><span class='ocrx_word' id='word_1_82' title='bbox 413 1782 511 1812; x_wconf 84' lang='grc'>11011</span> <span class='ocrx_word' id='word_1_83' title='bbox 553 1776 684 1813; x_wconf 85' lang='lat' dir='ltr'>recte</span> <span class='ocrx_word' id='word_1_84' title='bbox 724 1766 1092 1829; x_wconf 81' lang='lat' dir='ltr'>interpretatos,</span> 
     </span>
    </p>
   </div>
   <div class='ocr_carea' id='block_1_9' title="bbox 1124 1910 1266 1957">
    <p class='ocr_par' dir='ltr' id='par_1_9' title="bbox 1124 1910 1266 1957">
     <span class='ocr_line' id='line_1_17' title="bbox 1124 1910 1266 1957; baseline -0.007 0"><span class='ocrx_word' id='word_1_85' title='bbox 1124 1910 1266 1957; x_wconf 88' lang='lat' dir='ltr'>XIV.</span> 
     </span>
    </p>
   </div>
   <div class='ocr_carea' id='block_1_10' title="bbox 390 2026 1970 2574">
    <p class='ocr_par' dir='ltr' id='par_1_10' title="bbox 390 2026 1970 2574">
     <span class='ocr_line' id='line_1_18' title="bbox 553 2026 1970 2092; baseline 0.003 -20"><span class='ocrx_word' id='word_1_86' title='bbox 553 2027 642 2073; x_wconf 90' lang='lat' dir='ltr'>Vir</span> <span class='ocrx_word' id='word_1_87' title='bbox 669 2026 726 2074; x_wconf 93' lang='grc'>61.</span> <span class='ocrx_word' id='word_1_88' title='bbox 758 2027 941 2074; x_wconf 88' lang='lat' dir='ltr'>Beloch</span> <span class='ocrx_word' id='word_1_89' title='bbox 974 2045 1084 2075; x_wconf 90' lang='lat' dir='ltr'>cum</span> <span class='ocrx_word' id='word_1_90' title='bbox 1112 2027 1296 2075; x_wconf 86' lang='lat' dir='ltr'>scribat</span> <span class='ocrx_word' id='word_1_91' title='bbox 1321 2028 1429 2091; x_wconf 90' lang='lat' dir='ltr'>(Gr.</span> <span class='ocrx_word' id='word_1_92' title='bbox 1461 2028 1643 2076; x_wconf 86' lang='lat' dir='ltr'>Gesch.</span> <span class='ocrx_word' id='word_1_93' title='bbox 1674 2029 1737 2074; x_wconf 95' lang='lat' dir='ltr'>III</span> <span class='ocrx_word' id='word_1_94' title='bbox 1760 2046 1806 2090; x_wconf 89' lang='lat' dir='ltr'>p.</span> <span class='ocrx_word' id='word_1_95' title='bbox 1835 2029 1970 2092; x_wconf 87' lang='lat'>250):</span> 
     </span>
     <span class='ocr_line' id='line_1_19' title="bbox 417 2110 1970 2173; baseline 0.002 -18"><span class='ocrx_word' id='word_1_96' title='bbox 417 2110 660 2165; x_wconf 83' lang='lat' dir='ltr'>„Theben</span> <span class='ocrx_word' id='word_1_97' title='bbox 701 2128 802 2158; x_wconf 84' lang='lat' dir='ltr'>war</span> <span class='ocrx_word' id='word_1_98' title='bbox 842 2111 1035 2158; x_wconf 85' lang='lat' dir='ltr'>formell</span> <span class='ocrx_word' id='word_1_99' title='bbox 1077 2112 1203 2158; x_wconf 87' lang='lat' dir='ltr'>noch</span> <span class='ocrx_word' id='word_1_100' title='bbox 1234 2111 1408 2158; x_wconf 87' lang='lat' dir='ltr'>immer</span> <span class='ocrx_word' id='word_1_101' title='bbox 1441 2110 1672 2173; x_wconf 82' lang='lat' dir='ltr'>Mitglied</span> <span class='ocrx_word' id='word_1_102' title='bbox 1699 2113 1787 2159; x_wconf 91' lang='lat' dir='ltr'>des</span> <span class='ocrx_word' id='word_1_103' title='bbox 1815 2112 1970 2159; x_wconf 80' lang='lat' dir='ltr'>Athe-</span> 
     </span>
     <span class='ocr_line' id='line_1_20' title="bbox 411 2191 1968 2257; baseline 0.002 -19"><span class='ocrx_word' id='word_1_104' title='bbox 411 2191 615 2239; x_wconf 86' lang='lat' dir='ltr'>nischen</span> <span class='ocrx_word' id='word_1_105' title='bbox 655 2193 966 2249; x_wconf 84' lang='lat' dir='ltr'>SeebundeS,</span> <span class='ocrx_word' id='word_1_106' title='bbox 1010 2211 1156 2241; x_wconf 84' lang='lat' dir='ltr'>wenn</span> <span class='ocrx_word' id='word_1_107' title='bbox 1196 2211 1249 2240; x_wconf 95' lang='lat' dir='ltr'>es</span> <span class='ocrx_word' id='word_1_108' title='bbox 1287 2194 1411 2240; x_wconf 84' lang='lat' dir='ltr'>auch</span> <span class='ocrx_word' id='word_1_109' title='bbox 1445 2193 1537 2240; x_wconf 86' lang='lat' dir='ltr'>seit</span> <span class='ocrx_word' id='word_1_110' title='bbox 1562 2194 1761 2256; x_wconf 79' lang='lat' dir='ltr'>einigen</span> <span class='ocrx_word' id='word_1_111' title='bbox 1784 2195 1968 2257; x_wconf 91' lang='lat' dir='ltr'>Jahren</span> 
     </span>
     <span class='ocr_line' id='line_1_21' title="bbox 410 2275 1968 2338; baseline 0.003 -17"><span class='ocrx_word' id='word_1_112' title='bbox 410 2275 555 2322; x_wconf 88' lang='lat' dir='ltr'>keine</span> <span class='ocrx_word' id='word_1_113' title='bbox 615 2276 846 2338; x_wconf 83' lang='lat' dir='ltr'>Beitr&#39;age</span> <span class='ocrx_word' id='word_1_114' title='bbox 913 2295 998 2324; x_wconf 83' lang='lat' dir='ltr'>zur</span> <span class='ocrx_word' id='word_1_115' title='bbox 1059 2276 1434 2338; x_wconf 82' lang='lat' dir='ltr'>Unterhaltung</span> <span class='ocrx_word' id='word_1_116' title='bbox 1489 2278 1578 2324; x_wconf 87' lang='lat' dir='ltr'>der</span> <span class='ocrx_word' id='word_1_117' title='bbox 1629 2278 1968 2325; x_wconf 81' lang='lat' dir='ltr'>Bundesflotte</span> 
     </span>
     <span class='ocr_line' id='line_1_22' title="bbox 409 2359 1968 2426; baseline 0.003 -21"><span class='ocrx_word' id='word_1_118' title='bbox 409 2359 550 2405; x_wconf 88' lang='lat' dir='ltr'>mehr</span> <span class='ocrx_word' id='word_1_119' title='bbox 587 2359 817 2421; x_wconf 83' lang='lat' dir='ltr'>geleistet</span> <span class='ocrx_word' id='word_1_120' title='bbox 857 2359 1049 2416; x_wconf 86' lang='lat' dir='ltr'>hatte,’&#39;</span> <span class='ocrx_word' id='word_1_121' title='bbox 1080 2360 1257 2407; x_wconf 89' lang='lat' dir='ltr'>iniuria</span> <span class='ocrx_word' id='word_1_122' title='bbox 1283 2370 1453 2407; x_wconf 87' lang='lat' dir='ltr'>censet</span> <span class='ocrx_word' id='word_1_123' title='bbox 1481 2360 1739 2407; x_wconf 76' lang='lat' dir='ltr'>Thebanis</span> <span class='ocrx_word' id='word_1_124' title='bbox 1771 2379 1968 2426; x_wconf 88' lang='lat' dir='ltr'>quoque</span> 
     </span>
     <span class='ocr_line' id='line_1_23' title="bbox 408 2438 1967 2499; baseline 0.003 -11"><span class='ocrx_word' id='word_1_125' title='bbox 408 2438 606 2499; x_wconf 55' lang='grc' dir='ltr'>σύνταξιν</span> <span class='ocrx_word' id='word_1_126' title='bbox 673 2443 970 2490; x_wconf 87' lang='lat' dir='ltr'>solvendam</span> <span class='ocrx_word' id='word_1_127' title='bbox 1022 2444 1170 2492; x_wconf 86' lang='lat' dir='ltr'>fuisse</span> <span class='ocrx_word' id='word_1_128' title='bbox 1221 2443 1269 2490; x_wconf 88' lang='lat' dir='ltr'>in</span> <span class='ocrx_word' id='word_1_129' title='bbox 1326 2443 1711 2491; x_wconf 86' lang='lat' dir='ltr'>Atheniensium</span> <span class='ocrx_word' id='word_1_130' title='bbox 1768 2445 1967 2493; x_wconf 87' lang='lat' dir='ltr'>foedere</span> 
     </span>
     <span class='ocr_line' id='line_1_24' title="bbox 390 2511 930 2574; baseline 0.006 -3"><span class='ocrx_word' id='word_1_131' title='bbox 390 2511 655 2572; x_wconf 37' lang='lat' dir='ltr'>*maritimo</span> <span class='ocrx_word' id='word_1_132' title='bbox 693 2528 930 2574; x_wconf 80' lang='lat' dir='ltr'>secundo,</span> 
     </span>
    </p>
   </div>
   <div class='ocr_carea' id='block_1_11' title="bbox 1130 2671 1246 2719">
    <p class='ocr_par' dir='ltr' id='par_1_11' title="bbox 1130 2671 1246 2719">
     <span class='ocr_line' id='line_1_25' title="bbox 1130 2671 1246 2719; baseline 0 -1"><span class='ocrx_word' id='word_1_133' title='bbox 1130 2671 1246 2719; x_wconf 92' lang='lat' dir='ltr'>XV.</span> 
     </span>
    </p>
   </div>
   <div class='ocr_carea' id='block_1_12' title="bbox 406 2790 1960 3017">
    <p class='ocr_par' dir='ltr' id='par_1_12' title="bbox 406 2790 1960 3017">
     <span class='ocr_line' id='line_1_26' title="bbox 550 2790 1960 2855; baseline 0.004 -19"><span class='ocrx_word' id='word_1_134' title='bbox 550 2790 750 2836; x_wconf 80' lang='lat' dir='ltr'>Erravit</span> <span class='ocrx_word' id='word_1_135' title='bbox 801 2808 847 2837; x_wconf 89' lang='lat' dir='ltr'>v.</span> <span class='ocrx_word' id='word_1_136' title='bbox 903 2791 959 2837; x_wconf 89' lang='lat' dir='ltr'>cl.</span> <span class='ocrx_word' id='word_1_137' title='bbox 1015 2791 1224 2838; x_wconf 82' lang='lat' dir='ltr'>Meltzer</span> <span class='ocrx_word' id='word_1_138' title='bbox 1274 2791 1476 2854; x_wconf 82' lang='lat' dir='ltr'>(Gesch.</span> <span class='ocrx_word' id='word_1_139' title='bbox 1525 2793 1570 2838; x_wconf 82' lang='lat' dir='ltr'>d.</span> <span class='ocrx_word' id='word_1_140' title='bbox 1616 2793 1861 2855; x_wconf 80' lang='lat' dir='ltr'>Karthag.</span> <span class='ocrx_word' id='word_1_141' title='bbox 1904 2795 1960 2842; x_wconf 95' lang='lat' dir='ltr'>II.</span> 
     </span>
     <span class='ocr_line' id='line_1_27' title="bbox 407 2873 1959 2936; baseline 0.003 -17"><span class='ocrx_word' id='word_1_142' title='bbox 407 2890 452 2934; x_wconf 86' lang='lat' dir='ltr'>p.</span> <span class='ocrx_word' id='word_1_143' title='bbox 498 2873 617 2936; x_wconf 85' lang='lat'>317)</span> <span class='ocrx_word' id='word_1_144' title='bbox 663 2875 973 2921; x_wconf 83' lang='lat' dir='ltr'>contendens</span> <span class='ocrx_word' id='word_1_145' title='bbox 1012 2891 1231 2936; x_wconf 82' lang='lat' dir='ltr'>pugnam</span> <span class='ocrx_word' id='word_1_146' title='bbox 1270 2875 1404 2936; x_wconf 84' lang='lat' dir='ltr'>apud</span> <span class='ocrx_word' id='word_1_147' title='bbox 1445 2875 1743 2922; x_wconf 75' lang='lat' dir='ltr'>panormum</span> <span class='ocrx_word' id='word_1_148' title='bbox 1783 2876 1959 2924; x_wconf 84' lang='lat' dir='ltr'>factam</span> 
     </span>
     <span class='ocr_line' id='line_1_28' title="bbox 406 2947 1303 3017; baseline 0.001 -15"><span class='ocrx_word' id='word_1_149' title='bbox 406 2972 513 3002; x_wconf 88' lang='lat' dir='ltr'>esse</span> <span class='ocrx_word' id='word_1_150' title='bbox 552 2972 685 3002; x_wconf 89' lang='lat' dir='ltr'>anno</span> <span class='ocrx_word' id='word_1_151' title='bbox 729 2971 842 3017; x_wconf 87' lang='lat'><strong>250.</strong></span> <span class='ocrx_word' id='word_1_152' title='bbox 1299 2947 1303 2949; x_wconf 12' lang='grc' dir='ltr'><strong>Α</strong></span> 
     </span>
    </p>
   </div>
  </div>
 </body>
</html>
