2221 3526
1130 271 1189 319 32

384 402 567 448 nodum
620 400 880 463 pertineat,
933 400 1109 462 partim
1164 416 1190 446 e
1238 399 1417 445 Colace
1457 400 1769 461 desumptum
1810 414 1934 452 esse,

384 501 555 546 parum
607 484 698 530 sibi
750 483 1043 536 constitisse,
1093 499 1201 528 cum
1241 481 1356 528 alibi
1396 481 1708 528 contenderit
1748 481 1936 527 Teren-

383 567 502 614 tium
567 583 628 612 ne
692 566 893 611 minima
950 565 1149 627 quidem
1207 565 1268 610 de
1326 581 1413 610 suo
1470 564 1734 611 addidisse.
1801 564 1936 610 Idem

383 649 749 701 animadvertit,
791 664 938 694 servo
978 658 1078 693 tam
1120 646 1297 693 callido
1337 658 1386 693 et
1425 647 1638 693 verboso
1679 647 1727 693 in
1756 645 1937 692 Colace

383 732 543 779 locum
607 748 705 777 non
769 730 930 783 fuisse,
998 746 1059 775 ne
1116 729 1313 791 longior
1372 729 1638 776 Menandri
1696 745 1832 775 more
1889 739 1938 774 et

384 814 653 861 intricatior
691 812 962 859 exstitisset
1000 811 1180 858 fabula.

526 897 635 957 Ipse
674 907 837 941 autem
880 894 1136 947 Braunius,
1186 910 1293 939 cum
1335 904 1473 955 putet
1512 893 1715 939 militem
1756 893 1938 954 parasi—

384 992 584 1041 tumque
635 995 664 1024 a
716 977 983 1024 Menandri
1030 976 1272 1022 Eunucho
1311 976 1488 1022 afuisse
1528 987 1576 1022 et
1615 976 1847 1037 ignorare
1886 992 1938 1022 se

383 1062 606 1115 fateatur,
661 1078 758 1123 quo
810 1060 958 1106 modo
1012 1058 1271 1121 Pamphila
1322 1060 1455 1120 apud
1502 1059 1835 1105 Menandrum
1876 1059 1939 1104 ad

386 1145 632 1191 Thaidem
673 1144 886 1190 deducta
911 1143 1070 1197 fuerit,
1113 1142 1410 1188 sententiam
1440 1142 1571 1188 haud
1599 1142 1703 1188 veri
1731 1141 1938 1188 similem

384 1227 600 1290 prodidit
642 1227 768 1273 hanc
796 1244 842 1288 p.
875 1241 965 1286 33:
1007 1225 1298 1272 Terentium
1326 1224 1533 1271 alteram
1562 1225 1703 1271 huius
1730 1240 1939 1271 scaenae

384 1322 574 1373 partem
640 1327 739 1356 non
803 1326 864 1356 ex
929 1325 1026 1355 una
1088 1325 1282 1362 scaena,
1341 1309 1429 1354 sed
1486 1324 1548 1354 ex
1607 1307 1940 1370 compluribus

385 1393 669 1440 Gnathonis
707 1392 1019 1438 sermonibus
1057 1391 1292 1438 effecisse.

527 1476 774 1539 Quoniam
816 1475 963 1537 igitur
991 1475 1112 1521 haec
1139 1490 1347 1520 scaenae
1376 1489 1503 1535 pars,
1534 1473 1581 1519 in
1611 1490 1707 1536 qua
1736 1473 1940 1520 Gnatho

383 1577 410 1605 e
463 1559 626 1605 militis
677 1570 943 1621 praecepto
993 1557 1205 1620 puellam
1259 1558 1320 1605 ad
1369 1557 1615 1603 Thaidem
1656 1557 1853 1604 deducit
1891 1566 1940 1603 et

384 1661 491 1689 cum
533 1643 845 1690 Parmenone
884 1641 1193 1704 colloquitur,
1236 1640 1393 1703 qualis
1433 1640 1510 1686 hic
1550 1640 1744 1701 legitur,
1786 1657 1886 1686 non
1913 1657 1940 1685 e

385 1726 566 1772 Colace
624 1727 886 1787 desumpta
944 1741 1051 1771 esse
1110 1724 1321 1777 videtur,
1389 1723 1790 1784 investigandum
1850 1735 1938 1777 est,

385 1822 545 1857 utrum
586 1809 707 1856 haec
746 1808 977 1855 deductio
1017 1824 1044 1854 e
1085 1807 1352 1853 Menandri
1388 1806 1629 1852 Eunucho
1657 1806 1851 1853 fluxerit
1877 1823 1940 1853 an

385 1892 475 1954 ipsi
516 1891 757 1938 Terentio
797 1890 1127 1937 adscribenda
1166 1890 1242 1944 sit,
1285 1900 1336 1936 ut
1376 1900 1544 1935 censet
1585 1890 1879 1936 NENCINlus.
1904 1889 1940 1952 Ι)

385 1975 485 2021 Sed
501 1975 596 2021 iam
620 1974 834 2020 vidimus
857 1973 1156 2020 Nencinium
1182 1972 1358 2019 iniuria
1379 1972 1694 2018 contendisse
1712 1972 1941 2034 Pamphi-

385 2057 481 2104 lam
509 2058 640 2119 apud
669 2057 1003 2103 Menandrum
1027 2073 1127 2102 non
1155 2055 1321 2102 militis
1342 2056 1527 2101 donum
1550 2055 1712 2102 fuisse.
1745 2055 1941 2101 Deinde

386 2140 479 2186 hoc
529 2157 725 2202 quoque
777 2156 980 2186 monere
1031 2139 1197 2194 velim,
1252 2138 1542 2201 prudentius
1592 2155 1714 2189 esse.
1768 2138 1807 2184 si
1846 2155 1943 2201 qua

385 2223 579 2271 fabulae
630 2235 828 2270 nostrae
880 2240 994 2285 pars
1044 2222 1267 2269 alterutri
1315 2221 1544 2283 exemplo
1584 2221 1730 2268 tribui
1771 2222 1940 2283 possit,

385 2323 495 2352 eam
542 2317 733 2368 partem
763 2306 874 2352 huic
901 2305 1133 2367 exemplo
1162 2305 1378 2351 tribuere
1405 2321 1553 2367 quam
1582 2304 1672 2366 ipsi
1702 2304 1942 2351 Terentio

385 2388 630 2436 addicere.
686 2389 867 2435 Nonne
927 2389 1048 2435 haec
1098 2387 1328 2435 deductio
1382 2387 1648 2434 Menandri
1702 2388 1942 2434 Eunucho

387 2471 655 2519 convenit?
690 2473 804 2518 Non
833 2472 990 2518 solum
1020 2471 1277 2518 Chaereae
1304 2471 1510 2533 praebet
1536 2470 1682 2517 valde
1711 2471 1941 2518 idoneam

387 2555 696 2602 occasionem
732 2555 979 2601 videndae
1009 2554 1313 2616 Pamphilae,
1342 2555 1430 2600 sed
1453 2554 1618 2608 etiam,
1647 2554 1686 2600 si
1714 2555 1943 2616 ponimus

327 2679 332 2683 .
388 2638 435 2684 in
477 2638 744 2684 Menandri
783 2654 979 2700 quoque
1020 2637 1262 2683 Eunucho
1301 2637 1548 2698 virginem
1587 2654 1717 2683 nunc
1743 2638 1941 2684 demum

387 2737 416 2767 a
466 2720 618 2767 milite
669 2721 835 2767 datam
890 2737 1013 2774 esse,
1067 2720 1294 2767 facillime
1333 2719 1621 2782 explicatur,
1663 2738 1814 2783 quare
1853 2738 1944 2767 nec

390 2803 635 2850 Phaedria
669 2820 759 2849 nec
794 2804 1038 2850 Parmeno
1073 2803 1234 2850 adhuc
1275 2802 1584 2864 Pamphilam
1625 2803 1943 2865 cognovisset

537 2982 571 3027 1)
630 2979 690 3016 Cf.
721 2991 759 3026 p.
791 2981 852 3016 26.
