2221 3526
1181 261 1244 304 42

439 388 783 449 virginemque
834 397 1105 448 erepturus.
1160 386 1398 432 Videmus
1450 385 1596 446 igitur
1648 385 1768 431 haec
1826 384 1992 431 omnia

439 470 681 517 artissime
719 469 1000 516 cohaerere.

581 554 665 600 Ad
716 563 913 600 nostrae
963 568 1171 598 scaenae
1223 569 1269 597 v.
1328 565 1392 611 50
1442 551 1707 598 scholiasta
1755 550 1990 597 adnotat:

446 636 553 690 „Tu
607 635 914 698 Pamphilam
967 634 1228 680 continuo:
1284 634 1359 680 hic
1412 651 1594 695 magna
1638 634 1856 695 οἰκονομία
1901 643 1990 687 est,

446 736 570 781 „qua
605 718 870 765 Terentius
897 709 1160 779 praeparat
1187 717 1601 779 quemadmodum
1630 716 1838 777 iurgium
1866 716 1994 762 inter

446 802 723 858 „Thaidem
764 800 1066 862 militemque
1106 810 1155 846 et
1195 799 1516 846 Gnathonem
1557 816 1645 860 per
1678 800 1800 845 duas
1827 810 1994 860 partes

446 895 641 946 „serpat
668 882 912 931 fabulae.”
956 883 1268 930 GRAUERTUS
1295 882 1551 929 contendit
1579 899 1626 943 p.
1664 895 1785 941 170:
1829 882 1993 936 „diese

439 968 565 1014 duae
617 977 782 1029 partes
832 965 1026 1013 fabulae
1077 966 1188 1012 sind
1240 965 1367 1012 eben
1422 965 1500 1011 die
1551 982 1638 1011 aus
1676 966 1772 1011 den
1812 965 1991 1011 beiden

438 1050 830 1096 verschiedenen
873 1047 1221 1103 Komodien'';
1262 1049 1435 1095 eadem
1476 1058 1550 1094 est
1589 1047 1757 1109 opinio
1803 1048 1994 1093 FABIAE

439 1151 486 1195 p.
540 1149 634 1193 44:
695 1133 793 1188 „Ce
845 1149 939 1195 que
988 1133 1159 1179 Donat
1196 1130 1393 1193 appelle
1432 1130 1503 1177 les
1541 1131 1670 1177 deux
1710 1130 1893 1192 parties
1933 1131 1995 1177 de

438 1216 485 1262 la
524 1216 675 1278 piece,
717 1233 771 1262 ce
810 1227 924 1263 sont
961 1233 1077 1263 sans
1117 1214 1197 1261 nul
1233 1216 1397 1269 doute,
1427 1214 1498 1261 les
1525 1213 1765 1261 elements
1792 1213 1993 1267 fournis,

438 1299 553 1346 d’un
606 1302 715 1347 cote
766 1316 855 1361 par
904 1298 1151 1361 l'original
1204 1297 1444 1361 principal
1496 1298 1644 1361 (Eun.
1700 1297 1874 1360 Men),
1934 1297 1995 1342 de

439 1382 612 1430 l'autre
664 1400 753 1445 par
803 1382 1049 1444 l'original
1107 1382 1396 1429 secondaire
1455 1381 1582 1445 (Col.
1643 1379 1835 1443 Men).”
1895 1380 1995 1426 Sed

440 1466 562 1512 haec
611 1466 954 1528 interpretatio
1008 1483 1107 1512 non
1160 1475 1288 1511 certa
1331 1475 1420 1511 est.
1479 1464 1638 1510 Huius
1677 1462 1849 1509 scholii
1888 1479 1995 1508 sen-

439 1549 594 1596 tentia
632 1550 806 1596 eadem
846 1566 954 1596 esse
994 1549 1144 1596 debet
1183 1566 1238 1595 ac
1265 1547 1438 1595 scholii
1466 1549 1529 1594 ad
1556 1566 1602 1594 v.
1633 1563 1727 1607 44:
1764 1546 1993 1607 „Purgon

446 1650 570 1694 „ego
623 1650 699 1679 me
751 1633 812 1679 de
859 1633 950 1680 ista
991 1633 1201 1679 Thaidi:
1248 1633 1467 1694 οἰκονομία
1507 1631 1569 1678 ad
1608 1630 1743 1677 litem
1782 1630 1992 1676 futuram

445 1716 602 1772 „inter
641 1715 843 1763 militem
883 1726 932 1763 et
973 1715 1270 1770 Thaidem‚''
1312 1726 1361 1762 et
1399 1715 1462 1761 ad
1490 1715 1574 1761 IV.
1613 1730 1652 1761 Ι.
1690 1728 1776 1759 Io:
1824 1713 1995 1768 „Heus

445 1800 632 1862 „inquit
681 1817 828 1862 puer:
882 1800 960 1846 hic
1011 1800 1302 1854 ostenditur,
1356 1799 1488 1862 quod
1534 1814 1682 1859 supra
1721 1796 1787 1860 (h.
1829 1795 1880 1859 l.)
1920 1804 1995 1841 est

446 1882 800 1944 „apparatum”
841 1894 890 1929 et
929 1884 991 1929 ad
1032 1883 1111 1929 ΙΙΙ,
1159 1899 1200 1929 2.
1243 1885 1337 1942 48:
1374 1882 1454 1937 „Si
1481 1881 1606 1927 forte
1635 1881 1727 1926 huc
1755 1879 1995 1925 Chremes

446 1966 759 2022 ‚‚advenerit:
830 1967 1048 2028 οἰκονομία
1110 1967 1173 2013 ad
1236 1966 1370 2012 litem
1432 1965 1642 2012 futuram
1706 1974 1755 2010 et
1810 1961 1993 2008 exitum

446 2048 718 2104 „fabulae”
772 2049 1024 2096 Scholium
1065 2050 1212 2112 igitur
1253 2060 1474 2097 nostrum
1514 2048 1582 2094 sic
1617 2046 1992 2109 explicandum:

440 2133 517 2179 hic
581 2149 762 2195 magna
825 2134 1044 2196 οἰκονομία.
1108 2144 1197 2189 est,
1264 2150 1359 2196 qua
1412 2131 1677 2178 Terentius
1730 2137 1996 2191 praeparat

441 2216 648 2278 iurgium
690 2217 736 2263 in
778 2217 1025 2264 convivio.
1069 2217 1238 2263 Verba
1277 2227 1441 2263 tamen
1472 2215 1593 2261 mira
1620 2224 1747 2260 sunt.
1779 2212 1994 2258 Primum

439 2300 586 2347 etiam
628 2300 832 2347 Gnatho
873 2301 1182 2355 nominatur;
1213 2300 1316 2347 fieri
1345 2309 1523 2362 potest,
1553 2309 1605 2344 ut
1635 2298 1863 2343 Donatus
1892 2295 1938 2341 h.
1962 2294 1992 2341 l.

439 2393 629 2445 spectet
679 2384 742 2430 ad
792 2401 865 2438 ea,
920 2401 1046 2446 quae
1098 2384 1343 2445 parasitus
1394 2383 1511 2429 dicit
1562 2382 1645 2427 IV.
1711 2395 1752 2439 7.
1791 2381 1826 2443 Ι)
1884 2379 1995 2441 Quo

441 2467 589 2512 modo
640 2467 820 2513 deinde
867 2466 1162 2528 explicanda
1200 2477 1314 2513 sunt
1354 2466 1535 2512 verba:
1577 2463 1993 2527 quemadmodum

441 2549 649 2611 iurgium
701 2560 870 2611 serpat
921 2550 1003 2614 (z
1041 2550 1276 2611 paulatim
1331 2559 1633 2611 propagetur
1684 2547 1741 2594 cf.
1797 2546 1992 2599 malum,

441 2632 656 2687 morbus,
709 2650 825 2678 cura
875 2633 1064 2694 serpit.)
1106 2650 1192 2695 per
1230 2633 1351 2679 duas
1391 2642 1556 2693 partes
1594 2629 1819 2677 fabulae?
1860 2629 1995 2675 Non-

440 2717 556 2762 dum
608 2716 655 2762 in
709 2716 1049 2778 quaestionem
1102 2716 1254 2771 venit,
1309 2733 1405 2778 qua
1450 2714 1811 2777 significatione
1851 2729 1994 2759 voca-

589 2911 623 2962 1)
679 2912 878 2948 Braunius
917 2912 973 2959 (p.
1013 2920 1060 2957 34
1098 2909 1200 2954 not.)
1237 2915 1279 2947 ct
1312 2910 1535 2947 Ncncinius
1565 2909 1620 2960 (p.
1650 2918 1699 2955 97
1735 2909 1836 2957 not.)
1869 2908 1996 2945 verba

442 2982 511 3024 „et
541 2977 827 3014 Gnathonem''
858 2977 1104 3024 interpolata
1135 2988 1227 3013 csse
1258 2981 1415 3023 putant.
