2221 3526
912 263 971 307 91

166 406 293 451 quae
334 399 506 450 postea
546 388 792 434 Thaidem
833 398 1005 434 contra
1046 386 1247 433 militem
1288 388 1550 435 defensura
1588 391 1663 442 sit,
1692 408 1718 436 e

166 471 347 519 Colace
388 469 596 517 fluxisse.
639 470 956 516 Chremetem
986 468 1135 530 igitur
1161 480 1277 517 ante
1305 471 1389 517 IV.
1429 487 1442 516 1
1478 472 1718 532 prodiisse

165 572 288 616 opus
307 564 428 608 erat,
453 563 504 599 ut
536 564 842 614 spectatores
868 552 1065 607 scirent,
1095 552 1204 615 quis
1231 563 1361 600 esset
1387 564 1435 599 et
1463 556 1718 616 quomodo

163 638 225 684 ad
278 635 442 683 militis
486 653 659 683 cenam
699 635 934 683 venisset.
978 636 1124 682 Hanc
1162 635 1226 682 ob
1267 653 1367 682 rem
1408 636 1630 698 suspicor
1671 636 1716 684 in

164 719 343 766 Colace
395 719 729 773 Chremetem,
783 729 836 766 ut
887 719 933 765 in
984 730 1152 766 nostra
1189 718 1370 773 fabula,
1413 730 1525 781 post
1565 720 1646 767 III.
1692 738 1714 766 2

162 801 418 863 prodiisse,
470 802 558 849 sed
609 819 717 849 eam
763 818 993 848 scaenam
1033 800 1174 848 aliter
1211 800 1531 849 constitutam
1570 801 1719 850 fuisse

160 902 217 932 ac
257 885 336 932 III.
382 902 425 946 3.
463 886 515 932 In
546 885 726 932 Colace
753 885 885 932 enim
915 885 1156 932 Chremes
1184 902 1283 931 non
1312 884 1400 932 fuit
1427 884 1718 933 adulescens

162 968 385 1024 rusticus,
422 969 565 1017 bonis
593 968 813 1015 moribus
840 968 1110 1030 praeditus,
1140 969 1215 1015 cui
1244 986 1384 1015 soror
1413 969 1719 1016 restituenda

159 1063 281 1108 erat,
327 1053 414 1099 sed
454 1052 745 1100 adulescens
784 1053 1014 1107 urbanus,
1054 1053 1089 1115 Ι)
1129 1052 1234 1099 sive
1275 1062 1467 1099 amator
1508 1052 1718 1099 Thaidis

159 1136 264 1182 sive
326 1135 513 1183 amicus
578 1135 865 1190 Phaedriae,
932 1136 1108 1182 missus
1165 1146 1218 1182 ut
1273 1145 1536 1197 spectaret,
1596 1135 1717 1198 quid

161 1219 391 1266 meretrix
425 1230 622 1281 ageret;
653 1236 681 1266 a
710 1219 992 1266 Menandro
1018 1229 1068 1266 et
1096 1218 1336 1266 Terentio
1365 1219 1456 1266 hac
1482 1219 1544 1266 de
1572 1236 1718 1266 causa

159 1303 430 1363 productus
468 1313 557 1357 est,
600 1314 652 1349 ut
690 1302 795 1349 eius
833 1301 1048 1349 ebrietas
1086 1313 1135 1349 et
1168 1319 1327 1364 pavor
1352 1302 1717 1364 spectatoribus

158 1384 475 1432 delectationi
496 1396 676 1432 essent.
703 1385 898 1432 Thaide
920 1385 1054 1432 domi
1078 1403 1175 1432 non
1200 1386 1405 1433 inventa
1425 1387 1488 1433 ad
1511 1385 1715 1433 militem

161 1467 238 1523 iit;
295 1486 392 1515 non
440 1486 566 1531 opus
604 1480 679 1516 est
716 1487 825 1516 eum
867 1469 929 1516 ab
969 1468 1146 1516 ancilla
1184 1486 1244 1516 eo
1283 1470 1551 1516 deductum
1590 1486 1714 1524 esse,

159 1551 275 1613 quia
334 1551 514 1598 Dorias
571 1551 666 1598 iarn
726 1552 782 1599 ΙΙ.
841 1568 863 1598 2
919 1569 1026 1598 cum
1084 1551 1280 1599 Thaide
1332 1551 1553 1613 profecta
1608 1569 1716 1599 esse

160 1634 334 1696 potuit.
373 1635 415 1698 2)

302 1718 464 1765 Etiam
505 1735 532 1765 e
571 1718 626 1765 fr.
674 1735 799 1778 292:

299 1823 474 1877 σπῡνοή·
514 1824 634 1872 &ww
673 1820 722 1874 σὺ
761 1822 975 1890 σπλάγχν’
1017 1823 1391 1872 α’κσλουέώψπεῐ
1424 1823 1586 1890 βλέπεις
1599 1847 1615 1883 ‚-

299 1907 473 1960 σπονδή·
514 1906 596 1976 φέρ’
638 1900 668 1954 'fi
709 1913 788 1956 παῖ
821 1908 1380 1964 Σωσιά·σπονδή·καλώς.

298 1988 422 2056 ἔγχει.
460 1996 572 2047 θεῡῖς
613 1994 860 2055 Ὀλυμπιάς
899 1990 1133 2056 ευχῶμεέῑα

300 2077 573 2139 Ὀλυμπίαισι
614 2081 714 2123 nio-t
755 2074 911 2132 πάσαις
950 2073 1168 2141 (λάμβανε

298 2156 372 2210 τὴν
409 2161 603 2222 γλῶτταν
642 2158 682 2205 ἐν
721 2154 871 2226 τοίτῴ)
911 2156 1076 2206 διδόναι
1114 2161 1339 2227 σωτηρίαν,

297 2239 464 2305 ὑγίειαν,
505 2237 659 2305 α’γαέἂ.
700 2239 851 2299 πολλά,
892 2250 973 2289 τῶν
1011 2239 1140 2289 ’όντων
1178 2261 1218 2289 τε
1256 2246 1327 2289 νῦν

297 2322 479 2387 filujah
517 2322 656 2380 ὄνησιν
696 2330 797 2373 πᾶσι
821 2344 828 2351 ·
852 2329 967 2372 ταῦτ’
1009 2321 1254 2390 εὐχώμεθα.

155 2449 457 2494 quamquam
497 2443 631 2479 certo
671 2432 779 2479 loco
819 2431 1089 2480 attribuere
1130 2450 1228 2479 non
1270 2450 1487 2494 possum,
1517 2433 1711 2479 efficere

154 2514 267 2561 licet
307 2514 354 2561 in
396 2515 576 2562 Colace
615 2516 762 2562 fuisse
802 2533 991 2571 cenam,
1031 2516 1071 2580 3)
1110 2517 1198 2563 sed
1239 2534 1337 2562 non
1379 2516 1710 2562 necessarium

156 2597 274 2644 mihi
325 2598 520 2645 videtur
573 2616 693 2645 cum.
738 2600 1023 2646 GRAUERTO
1074 2600 1140 2663 (p.
1191 2600 1305 2663 163)
1356 2610 1531 2661 putare
1583 2598 1711 2645 hanc

154 2698 328 2728 cenam
370 2681 417 2727 in
457 2698 638 2728 scaena
677 2693 838 2729 actam
878 2682 1040 2730 fuisse.

302 2828 337 2878 1)
395 2827 455 2866 Cf.
486 2839 524 2875 p.
560 2835 618 2875 55.

297 2906 337 2952 2)
394 2904 454 2943 Cf.
486 2917 522 2942 v.
557 2905 650 2952 506:
683 2883 815 2952 „Tim
846 2906 1010 2943 Eamus.
1055 2906 1132 2944 ΤΗ.
1163 2907 1249 2944 Vos
1278 2918 1343 2944 me
1374 2905 1626 2954 sequimini.'’

298 2982 336 3033 3)
395 2982 456 3020 Cf.
487 2982 613 3020 Fabia
643 2994 681 3030 p.
711 2993 774 3030 41,
805 2983 1026 3021 Nencinius
1056 2995 1094 3031 p.
1132 2993 1214 3021 102.
