2221 3526
1142 236 1203 279 26

395 375 457 422 V.
498 391 544 434 4.
589 391 668 434 31,
710 374 791 420 ubi
831 373 1037 420 ancillae
1074 373 1299 434 roganti:
1347 373 1482 428 „Scis
1509 390 1618 420 eam
1648 373 1762 419 hinc
1789 373 1947 419 civem

393 456 563 504 esse?''
607 457 904 518 respondet:
953 454 1214 509 ‚,Nescio”.
1254 458 1290 518 1)

536 540 741 586 Etiamsi
793 549 955 585 autem
1009 539 1187 584 iniecta
1237 555 1383 584 servo
1434 538 1646 599 suspicio
1685 538 1803 584 satis
1840 555 1948 584 esse

393 622 576 677 debuit,
618 633 669 669 ut
707 622 973 668 cautiorem
1014 638 1123 666 eum
1155 620 1353 674 faceret,
1384 631 1547 667 tamen
1578 622 1846 667 tenendum
1874 632 1949 667 est

395 705 755 751 Parmenonem
811 721 908 750 non
950 703 1093 757 serio,
1135 704 1224 749 sed
1264 720 1352 764 per
1391 702 1652 749 ludibrium
1693 704 1947 750 Chaereae

392 788 645 834 consilium
687 788 821 842 dare,
863 798 915 833 ut
953 786 1162 832 eunuchi
1203 796 1342 832 veste
1377 786 1573 832 indutus
1607 787 1670 833 ad
1699 786 1946 833 Thaidem

391 871 595 917 ducatur
633 870 790 933 (378),
828 886 976 931 porro
1003 886 1115 915 eum
1144 885 1380 929 expressa
1408 868 1661 915 Chaereae
1689 869 1947 916 voluntate
2005 899 2017 910 -

390 953 473 999 vix
489 954 690 999 tandem
710 952 892 998 victum
906 969 1014 998 esse
1030 951 1338 1013 invitumque
1350 951 1708 1014 concessisse(3
1721 954 1834 1012 78-3
1845 953 1945 1015 90).

392 1036 566 1098 Neque
615 1035 661 1081 in
717 1045 933 1081 mentem
987 1035 1124 1081 venit
1170 1051 1332 1088 servo,
1374 1033 1741 1080 adolescentem
1781 1035 1945 1081 statim

388 1136 448 1165 eo
488 1118 822 1180 impudentiae
856 1135 1197 1179 processurum
1227 1135 1351 1171 esse,
1382 1128 1433 1164 ut
1459 1117 1704 1178 virginem
1733 1118 1944 1164 vitiaret.

390 1202 555 1248 Minus
613 1212 743 1248 recte
804 1201 1074 1247 Nencinius
1131 1201 1279 1247 etiam
1339 1217 1553 1262 poenam
1606 1200 1945 1246 imminentem

388 1284 602 1346 adlegat,
662 1302 786 1346 quae
844 1301 933 1346 per
990 1284 1254 1330 ludibrium
1321 1284 1469 1330 modo
1533 1294 1947 1330 commemoratur

388 1367 706 1430 (955—960)
747 1378 796 1414 et
834 1367 896 1414 ab
937 1367 1044 1428 ipso
1084 1378 1224 1428 patre
1266 1367 1484 1413 Lachete
1525 1366 1832 1428 prohibetur.

530 1451 790 1497 Praeterea
842 1468 940 1496 non
981 1461 1112 1496 recte
1164 1467 1272 1496 sese
1325 1450 1526 1503 habent,
1575 1466 1699 1511 quae
1738 1449 1947 1496 coniecit

389 1533 673 1580 Nencinius.
745 1534 871 1580 Nam
928 1534 966 1580 si
1014 1534 1241 1595 ponimus
1293 1533 1340 1579 in
1395 1534 1588 1579 Graeca
1635 1532 1944 1594 Pamphilam

386 1616 477 1662 iam
521 1634 549 1663 a
590 1617 796 1678 parvula
835 1618 966 1678 apud
1008 1617 1255 1663 Thaidem
1295 1616 1458 1670 fuisse,
1501 1627 1605 1663 tota
1640 1616 1856 1662 narratio
1883 1617 1945 1663 de

386 1710 541 1746 matre
570 1700 890 1762 (107—145)
919 1700 1050 1761 apud
1081 1700 1414 1746 Menandrum
1444 1699 1603 1745 locum
1634 1716 1733 1745 non
1756 1699 1941 1753 habuit,

384 1783 471 1828 sed
529 1782 619 1844 ipsi
678 1782 917 1829 Terentio
974 1783 1303 1829 adscribenda
1365 1792 1454 1828 est.
1528 1782 1792 1829 Praeterea
1843 1799 1941 1828 non

385 1865 687 1927 intelligitur,
730 1883 880 1928 quare
922 1866 1093 1920 Thais,
1136 1865 1210 1912 cui
1251 1876 1421 1911 notum
1462 1865 1605 1911 fuerit
1634 1864 1941 1926 Pamphilam

383 1966 490 1994 esse
547 1949 706 1995 civem
768 1949 986 1996 Atticam
1047 1966 1176 1995 nuno
1234 1950 1432 1995 demum
1486 1965 1688 2010 operam
1740 1949 1838 2002 det,
1892 1960 1942 1994 ut

383 2043 623 2092 cognatos
674 2032 776 2078 eius
828 2032 1065 2079 inveniat.
1145 2032 1296 2078 Porro
1348 2032 1386 2078 si
1427 2031 1586 2093 virgo,
1646 2049 1770 2093 quae
1811 2049 1942 2078 nunc

382 2115 595 2161 sedecim
649 2132 808 2162 annos
861 2126 977 2162 nata
1028 2126 1103 2163 est
1155 2116 1312 2179 (318),
1356 2115 1450 2161 iam
1492 2114 1700 2176 parvula
1739 2116 1939 2161 domum

383 2197 670 2253 intraverat,
734 2199 890 2246 Thais
953 2199 1059 2261 ipsa
1110 2211 1224 2246 tunc
1279 2198 1516 2260 temporis
1567 2198 1729 2245 adhuc
1781 2216 1939 2260 paene

383 2281 544 2342 puella
582 2293 702 2337 erat,
744 2282 818 2328 cui
859 2283 1079 2328 nondum
1120 2282 1236 2329 talia
1274 2283 1406 2328 dona
1445 2281 1793 2328 offerebantur.
1826 2282 1867 2345 2)

526 2364 715 2426 Quodsi
767 2365 972 2411 alteram
1028 2365 1256 2411 Neneinii
1314 2364 1612 2411 sententiam
1669 2364 1936 2427 sequimur,

382 2447 595 2508 puellam
636 2448 731 2494 iam
774 2448 964 2510 pridem
994 2465 1021 2494 a
1050 2448 1215 2494 nescio
1244 2465 1341 2510 quo
1370 2458 1590 2494 amatore
1618 2449 1784 2494 datam
1812 2466 1936 2501 esse,

381 2531 555 2577 iterum
627 2548 894 2592 rogamus:
961 2531 1132 2593 quidni
1198 2531 1354 2577 Thais
1418 2531 1553 2592 prius
1616 2531 1938 2593 investigavit

528 2683 562 2733 1)
618 2683 709 2720 Non
740 2684 861 2732 igitur
891 2694 1066 2720 necesse
1100 2689 1162 2720 est
1193 2684 1455 2721 Parmenonis
1486 2696 1731 2732 responsum
1756 2685 1936 2722 mendax

379 2749 519 2786 haberi
559 2754 600 2785 et
639 2761 732 2786 cum
768 2748 894 2786 Fabia
925 2761 962 2796 p.
1001 2759 1041 2795 13
1070 2749 1125 2785 ita
1156 2750 1373 2786 excusari:
1413 2762 1542 2797 „pour
1572 2763 1625 2787 un
1657 2751 1821 2788 esclave
1853 2751 1936 2798 pris

379 2826 430 2850 en
460 2813 570 2851 faute
601 2819 691 2850 tout
721 2815 904 2851 mauvais
936 2826 1005 2851 cas
1037 2821 1100 2851 est
1131 2815 1304 2852 niable.’⁷

520 2904 559 2951 2)
617 2903 676 2940 Cf.
716 2916 752 2940 v.
794 2911 866 2950 527
898 2909 939 2940 et
970 2904 1156 2940 Donatus
1187 2905 1238 2941 ad
1270 2905 1305 2940 h.
1337 2904 1384 2941 1.;
1418 2905 1671 2950 „Maiuscula
1701 2910 1789 2942 cst:
1821 2906 1934 2942 dimi-

379 2968 516 3005 nutive
547 2967 662 3015 dixit,
692 2973 737 3005 ut
767 2969 1008 3005 ostenderet
1037 2974 1253 3016 utramque
1284 2982 1377 3006 6556
1410 2970 1700 3017 primaevam'’
