2221 3526
916 1112 1224 1158 CAPUT
1278 1110 1381 1159 III.

752 1420 832 1456 DE
872 1418 1233 1457 CHAEREAE
1271 1418 1552 1456 AETATE.

514 1723 780 1785 Postquam
821 1722 1042 1776 Gnatho,
1078 1722 1274 1783 virgine
1302 1722 1365 1768 ad
1406 1721 1654 1768 Thaidem
1694 1722 1923 1776 deducta,

371 1806 619 1868 profectus
657 1816 746 1860 est,
789 1805 1029 1860 Chaerea,
1070 1805 1219 1852 frater
1260 1804 1533 1851 Phaedriae
1574 1804 1739 1866 prodit
1778 1805 1834 1852 ΙΙ.
1879 1821 1923 1864 3.

371 1891 424 1936 In
466 1889 630 1951 platea
665 1889 926 1950 conspexit
965 1889 1212 1949 virginem
1252 1899 1301 1935 et
1339 1888 1505 1935 statim
1546 1905 1714 1934 amore
1755 1898 1927 1949 captus

371 1990 480 2019 eam
537 1982 731 2019 secutus
787 1983 876 2019 est.
949 1972 1049 2018 Sed
1107 1989 1214 2018 cum
1275 1971 1569 2018 retineretur
1625 1988 1653 2017 a
1710 1982 1926 2032 cognato

371 2056 616 2117 virginem
656 2072 682 2102 e
721 2066 989 2117 conspectu
1023 2055 1269 2102 amiserat.
1328 2056 1376 2101 A
1412 2055 1722 2101 Parmenone
1750 2054 1928 2100 certior

372 2139 425 2185 fit
474 2155 583 2185 eam
635 2155 741 2185 esse
793 2139 924 2199 apud
977 2138 1223 2184 Thaidem
1276 2149 1326 2184 et
1364 2155 1472 2183 cum
1512 2136 1592 2183 ille
1631 2137 1924 2192 eunuchum,

373 2221 645 2268 Phaedriae
697 2222 897 2275 donum,
950 2222 1012 2267 ad
1060 2221 1307 2267 Thaidem
1348 2222 1581 2267 ducturus
1620 2220 1695 2275 sit,
1736 2220 1780 2266 ei
1819 2238 1926 2282 per-

371 2305 560 2357 suadet,
602 2316 653 2351 ut
692 2321 743 2349 se
783 2304 994 2350 eunuchi
1034 2315 1173 2350 veste
1214 2304 1438 2350 indutum
1479 2303 1590 2350 illuc
1630 2304 1924 2350 introducat.

372 2387 691 2434 Manifestum
743 2398 817 2433 est
868 2387 996 2433 hanc
1039 2404 1287 2441 scaenam,
1329 2404 1426 2449 qua
1465 2387 1692 2433 Eunuchi
1732 2386 1926 2433 fabulae

374 2471 533 2516 nodus
553 2470 833 2517 continetur
854 2480 902 2517 et
925 2470 1108 2525 nititur,
1125 2487 1187 2516 ex
1208 2487 1267 2516 ea
1288 2468 1452 2516 fabula
1472 2470 1785 2531 desumptam
1801 2486 1924 2517 esse.

513 2553 753 2600 Attamen
797 2554 1055 2600 BRAUNIUS
1093 2563 1142 2599 et
1183 2553 1461 2599 NENciNius
1502 2563 1689 2614 negant
1729 2553 1850 2599 haec
1878 2553 1926 2599 in

373 2636 640 2683 Menandri
699 2636 940 2682 Eunucho
996 2637 1173 2683 eodem
1232 2637 1381 2682 modo
1438 2636 1704 2683 constituta
1763 2636 1925 2684 fuisse.

373 2720 553 2767 Putant
605 2737 703 2765 non
744 2730 934 2766 tantum
976 2720 1260 2781 parasitum,
1301 2721 1388 2766 scd
1428 2720 1576 2766 etiam
1617 2719 1820 2767 militem
1862 2720 1927 2766 ibi

372 2803 549 2849 afuisse
602 2820 762 2865 neque
813 2803 960 2864 igitur
1013 2802 1320 2864 Pamphilam
1374 2802 1500 2848 illius
1538 2804 1722 2849 donum
1764 2803 1924 2849 fuisse.

375 2887 639 2949 Quomodo
661 2897 824 2932 autem
853 2897 901 2932 et
929 2887 1128 2948 quando
1158 2885 1416 2947 Pamphila
1438 2887 1569 2947 apud
1593 2887 1926 2932 Menandrum

374 2969 436 3014 ad
478 2968 723 3014 Thaidem
765 2969 973 3022 venerit,
1010 2969 1249 3014 Braunius
1277 2985 1323 3029 p.
1357 2983 1416 3028 35
1449 2969 1687 3016 incertum
1717 2969 1926 3031 reliquit.
