2221 3526
1117 236 1173 282 14

373 363 659 425 „Chrysidis
699 364 968 410 meretricis
1007 364 1270 418 derelicto;
1315 365 1545 427 idemque
1574 376 1738 412 tamen
1769 366 1831 412 ab
1860 383 1918 412 ea

373 457 679 502 „revocatus,
720 447 782 493 ad
822 446 952 493 illam
982 447 1122 494 redit.
1171 447 1324 509 Apud
1353 448 1645 494 Terentium
1674 465 1917 510 personae

372 530 689 585 „immutatae
728 528 891 575 sunt''.

509 613 602 658 His
652 612 818 658 verbis
868 612 1020 658 fretus
1073 611 1127 658 C.
1171 611 1231 658 O.
1275 613 1586 659 MUELLiznus
1624 614 1827 677 (Gesch.
1868 615 1914 661 d.

365 696 452 742 Gr.
507 695 622 743 Litt.
677 695 733 742 II.
789 712 834 756 p.
883 694 999 757 276)
1041 704 1182 755 putat
1223 695 1444 741 Persium
1486 713 1654 757 presse
1694 708 1915 743 secutum

364 795 471 824 esse
523 778 874 831 Menandrum,
930 777 1221 823 Terentium
1278 795 1399 824 vero
1454 778 1693 825 hactenus
1743 781 1805 825 ab
1858 796 1917 825 eo

364 861 661 915 discessisse,
717 870 768 906 ut
817 877 890 913 ea,
932 876 1060 921 quae
1100 861 1232 921 apud
1273 861 1492 907 Persium
1533 861 1764 922 legantur
1801 873 1916 909 ante

364 962 409 991 v.
458 957 547 1003 172
590 959 816 1005 quaeque
856 943 1038 989 fuerint
1078 943 1125 988 in
1169 943 1433 990 Menandri
1474 944 1654 999 fabula,
1697 945 1916 992 omiserit

363 1036 412 1073 et
451 1026 543 1072 loci
582 1025 924 1072 oeconomiam
966 1026 1261 1073 mutaverit:
1316 1027 1486 1079 „Aber
1523 1027 1602 1073 bei
1639 1028 1918 1074 Menander

363 1109 539 1156 berath
590 1109 692 1155 sich
745 1110 833 1155 der
877 1108 1119 1170 Jungling
1159 1109 1246 1156 mit
1285 1110 1333 1155 d(
1353 1127 1399 1155 m
1439 1109 1653 1156 Sclaven
1694 1111 1741 1156 in
1782 1111 1919 1157 einer

362 1192 481 1247 Zeit‚
523 1209 600 1238 wo
646 1192 724 1238 die
767 1192 956 1239 Hetare
996 1192 1081 1238 ihn
1122 1192 1534 1252 ausgeschlossen
1577 1193 1662 1240 hat
1700 1195 1781 1240 auf
1820 1195 1916 1241 den

362 1275 483 1329 Fall,
537 1276 652 1321 dass
702 1275 772 1322 sie
824 1275 907 1321 ihn
962 1275 1146 1322 wieder
1197 1275 1425 1322 einladen
1466 1276 1610 1323 sollte
1649 1295 1705 1323 zu
1746 1277 1822 1323 ihr
1860 1296 1916 1324 zu

362 1359 612 1412 kommen,
665 1359 743 1405 bei
797 1358 992 1405 Terenz
1044 1359 1105 1405 ist
1156 1360 1244 1405 der
1297 1359 1531 1421 Jungling
1582 1361 1708 1407 nach
1755 1361 1915 1407 einem

360 1442 538 1488 Zwiste
577 1442 731 1488 schon
773 1441 956 1489 wieder
995 1459 1079 1488 zur
1119 1442 1468 1504 Aussohnung
1506 1442 1854 1504 eingeladen’'.

505 1525 650 1572 Hanc
690 1525 986 1572 sententiam
1027 1525 1182 1572 secuti
1221 1536 1335 1572 sunt
1376 1526 1686 1573 GRAUERTUS
1725 1544 1772 1588 p.
1805 1542 1913 1587 154,

361 1609 778 1655 KOENIGHoFFlUs
817 1625 864 1670 p.
915 1624 988 1668 13,
1037 1608 1210 1655 IHNius
1249 1626 1296 1670 p.
1347 1612 1421 1664 18,
1470 1610 1727 1656 BRAUNIUs·
1753 1627 1800 1671 p.
1836 1627 1912 1670 24.

501 1692 727 1738 Eandem
781 1691 910 1738 Viam
952 1692 1206 1753 ingressus
1247 1693 1527 1739 NENCINIUS
1566 1711 1612 1755 p.
1656 1696 1720 1753 84
1764 1694 1915 1740 Persii

358 1792 405 1823 v.
444 1788 533 1833 172
566 1792 664 1821 non
696 1774 1063 1830 Chaerestrato,
1094 1776 1179 1821 sed
1211 1776 1359 1822 Davo
1385 1775 1556 1823 tribuit
1582 1787 1631 1823 et
1658 1777 1915 1823 contendit

359 1858 651 1905 Terentium
692 1875 764 1912 ea,
807 1875 934 1920 quae
974 1857 1209 1919 leguntur
1248 1860 1382 1921 apud
1423 1859 1642 1906 Persium
1672 1860 1911 1914 omisisse,

357 1940 471 2003 quia
522 1942 655 2002 apud
709 1941 1045 1987 Menandrum
1099 1942 1294 1988 iuvenis
1333 1943 1482 1989 modo
1523 1955 1813 2005 quereretur
1851 1945 1912 1990 de

358 2024 615 2086 Chrysidis
653 2024 908 2079 aviditate,
951 2042 1063 2071 cum
1091 2026 1223 2087 apud
1253 2025 1546 2072 Terentium
1584 2026 1706 2081 „hoc
1733 2026 1912 2088 capital

363 2118 535 2163 ‚‚esset‚
592 2118 642 2155 ut
695 2107 862 2155 rivalis
913 2108 1151 2156 amatoris
1196 2110 1460 2164 adventus
1501 2109 1700 2157 aliunde
1740 2111 1912 2157 adsciti

363 2202 771 2253 „praepararetur
811 2191 1023 2254 ideoque
1064 2209 1163 2238 non
1204 2193 1266 2238 de
1299 2203 1510 2254 argento
1544 2192 1795 2247 sollicitus,
1826 2195 1912 2240 sed

362 2273 635 2336 „zelotypia
675 2285 885 2321 vexatus
925 2276 1272 2322 ostenderetur
1311 2275 1654 2322 adulescens”.

498 2356 703 2404 Collatis
736 2358 885 2419 igitur
920 2358 1048 2405 Eun.
1087 2376 1185 2405 vss.
1226 2372 1305 2418 79,
1350 2375 1439 2405 122
1471 2376 1543 2421 sq,
1575 2373 1692 2419 927,
1725 2360 1912 2406 Donati

354 2440 521 2487 verbis
582 2441 645 2488 ad
712 2441 772 2488 V.
820 2455 952 2502 5.31,
1025 2441 1396 2504 meretricisque
1467 2442 1667 2489 nomine
1740 2445 1910 2510 Χρυσίς,

355 2534 496 2585 putat
553 2525 793 2585 pecuniae
852 2541 999 2571 causa
1057 2525 1104 2570 in
1159 2525 1425 2572 Menandri
1478 2527 1724 2573 Eunucho
1776 2526 1910 2573 litem

355 2607 482 2654 inter
533 2607 829 2669 Chrysidem
876 2619 926 2655 et
966 2608 1371 2655 Chaerestratum
1412 2619 1570 2656 ortam
1611 2626 1735 2665 esse,
1777 2611 1910 2672 quod

354 2708 400 2738 v.
440 2708 480 2738 e.
521 2701 785 2752 argentum
827 2691 1148 2753 suppeditare
1189 2691 1429 2754 nequiret.

498 2775 651 2820 FABIA
692 2791 723 2836 p
785 2789 844 2835 53
887 2775 1034 2822 etiam
1075 2775 1296 2837 sequitur
1336 2776 1633 2823 sententiam
1665 2776 1907 2831 Muelleri,

354 2856 442 2903 sed
481 2856 623 2903 simul
665 2857 792 2904 hanc
831 2858 1037 2904 alteram
1074 2858 1265 2919 prodit:
1308 2858 1434 2905 Cum
1470 2859 1516 2905 in
1553 2860 1704 2906 Persii
1743 2861 1910 2907 verbis

355 2939 508 2986 multa
565 2940 731 2997 insint,
790 2958 918 3003 quae
974 2952 1255 3003 congruant
1305 2959 1416 2988 cum
1477 2943 1674 2989 Horatii
1725 2943 1906 2998 verbis,
