2221 3526
1012 231 1066 273 ¹3

400 356 684 403 Accedam?
742 356 823 401 An
867 356 1031 416 potius
1072 356 1280 402 mediter
1321 357 1460 402 finire
1500 359 1729 405 dolores?

402 439 636 490 Exclusit.
681 449 904 485 revocat:
948 440 1144 485 redeam
1162 446 1182 486 ‘5'
1242 439 1373 493 Non,
1416 441 1453 486 si
1493 441 1733 489 obsecret.
1779 444 1814 505 ¹)

401 559 532 604 Pers.
575 558 677 604 Sat.
722 558 781 604 V.
834 561 1120 618 161—173.

399 695 464 698 —
508 666 652 711 Dave
693 695 757 698 ——
798 665 910 716 cito,
949 666 1041 711 hoc
1075 666 1248 712 credas
1276 666 1422 712 iubeo
1452 667 1590 712 finire
1619 667 1815 714 dolores

400 748 696 795 praeteritos
737 748 948 795 meditor
987 778 1053 782 —
1095 750 1300 795 crudum
1343 749 1722 797 Chaerestratus

1571 832 1814 897 [unguem

398 915 669 962 Adrodens
707 915 774 961 ait
814 915 936 961 haec
976 944 1041 948 —
1087 931 1150 961 an
1190 915 1330 961 siccis
1368 916 1584 963 dedecus
1622 918 1814 964 obstem

399 997 673 1059 Cognatis?
712 1015 773 1044 an
817 1014 917 1044 rem
960 998 1169 1059 patriam
1212 1016 1406 1045 rumore
1445 999 1644 1047 sinistro

266 1099 278 1128 1
294 1085 322 1127 6
332 1096 355 1142 5
400 1081 573 1128 Limen
588 1083 650 1128 ad
663 1082 964 1128 obscaenum
980 1082 1221 1141 frangam,
1234 1083 1351 1129 dum
1364 1082 1621 1145 Chrysidis
1635 1085 1756 1131 udas
1774 1086 1815 1148 2)

401 1165 581 1211 Ebrius
619 1176 734 1211 ante
773 1165 903 1210 fores
943 1165 1161 1211 extincta
1201 1183 1311 1212 cum
1352 1166 1456 1212 face
1496 1167 1675 1214 canto?

400 1278 464 1282 ———
507 1249 665 1308 Euge,
708 1265 844 1309 puer,
883 1248 1076 1309 sapias:
1122 1248 1213 1294 Dis
1240 1248 1606 1310 depellentibus
1633 1268 1815 1311 agnam

399 1331 619 1378 Percute.
670 1362 733 1364 —
775 1332 875 1378 Sed
915 1348 1114 1385 censen,
1158 1331 1386 1393 plorabit,
1426 1333 1586 1387 Dave,
1617 1333 1817 1381 relicta?

399 1444 464 1448 —
507 1415 739 1475 Nugaris‚
779 1414 928 1465 solea,
971 1431 1109 1476 puer,
1152 1415 1483 1475 obiurgabere
1525 1417 1686 1464 rubra.

265 1510 360 1556 170
400 1497 477 1543 Ne
517 1497 766 1559 trepidare
807 1497 931 1543 velis
970 1508 1120 1560 atque
1160 1508 1294 1544 artos
1335 1500 1509 1546 rodere
1549 1501 1740 1547 casses!

401 1581 693 1627 Nuncferus
709 1591 757 1627 et
773 1580 980 1635 violem,
999 1591 1049 1627 at
1067 1581 1105 1627 si
1128 1592 1274 1628 vocet
1303 1582 1465 1635 „haud
1489 1583 1659 1630 mora’'
1683 1585 1817 1631 dicas

399 1693 464 1697 —
506 1664 757 1727 Quidnam
799 1664 948 1723 igitur
987 1664 1196 1711 faciam?
1236 1682 1326 1711 nec
1366 1683 1498 1712 nunc
1536 1684 1646 1713 cum

1317 1746 1562 1813 [accersat
1601 1760 1649 1797 et
1689 1750 1816 1797 ultro

399 1829 672 1892 Supplicet‚
714 1831 979 1878 accedam?
1019 1861 1084 1865 —

401 1961 665 2008 Horatium
707 1962 800 2008 hoc
839 1961 948 2008 loco
990 1962 1287 2009 imitatorem
1328 1963 1475 2009 fuisse
1517 1964 1740 2011 Terentii
1767 1975 1817 2011 et

256 2061 318 2091 ex
368 2045 688 2092 similitudine
740 2046 1007 2092 verborum
1062 2057 1111 2093 et
1162 2063 1223 2092 ex
1275 2048 1631 2094 sententiarum
1686 2066 1814 2095 nexu

258 2129 571 2176 manifestum
611 2140 700 2177 est.
764 2130 988 2192 Utroque
1029 2129 1138 2176 1000
1178 2130 1372 2176 iuvenis
1411 2130 1640 2178 exclusus
1677 2142 1726 2178 et
1753 2133 1816 2179 ab

257 2212 414 2258 amica
453 2223 714 2259 revocatus
753 2230 919 2259 secum
962 2223 1159 2274 reputat
1199 2215 1368 2260 redeat
1408 2231 1579 2262 necne.

399 2295 483 2342 Ad
506 2296 658 2342 Persii
686 2295 848 2342 locum
877 2297 1086 2343 adnotat
1113 2296 1407 2344 scholiasta:
1445 2298 1626 2351 „Hunc
1653 2298 1815 2345 locum

265 2378 355 2432 „de
395 2379 660 2426 Menandri
702 2379 948 2426 Eunucho
983 2380 1146 2433 traxit,
1178 2380 1224 2426 in
1255 2397 1355 2443 quo
1386 2381 1585 2427 Davum
1615 2399 1815 2428 servum

265 2461 673 2516 „Chaerestratus
712 2462 1004 2509 adolescens
1044 2462 1327 2526 alloquitur,
1370 2474 1609 2527 tanquam
1644 2482 1814 2512 amore

406 2665 440 2715 1)
495 2665 628 2703 Etiam
667 2666 705 2703 in
745 2667 1017 2714 sequentibus
1048 2668 1165 2715 plura
1196 2667 1346 2715 insunt,
1377 2680 1483 2716 quae
1514 2674 1722 2706 mutuatus
1753 2674 1816 2705 est

259 2742 280 2767 a
310 2729 521 2767 Terentio.

400 2818 440 2866 2)
497 2820 573 2856 Pro
603 2819 757 2866 „udas”
788 2820 1010 2857 Ncncinius
1042 2833 1080 2868 p.
1104 2822 1155 2858 So
1175 2821 1368 2869 proponit
1390 2822 1601 2868 ,‚surdas”,
1625 2822 1714 2859 coll.
1737 2821 1813 2859 Ov.

257 2884 347 2922 Am.
378 2885 404 2921 Ι.
434 2885 470 2921 6.
501 2885 564 2931 62,
602 2885 669 2922 ubi
699 2880 799 2923 vero
829 2886 979 2935 legitur
1010 2886 1222 2934 ‚,duri0r’';
1258 2887 1352 2924 ibid.
1387 2895 1435 2934 54
1463 2888 1612 2937 legitur
1642 2888 1816 2934 „surdas

258 2949 409 2996 sores”,
440 2950 515 2987 sed
552 2951 594 2987 18
625 2951 748 2987 ctiam
779 2951 885 2997 „uda
916 2950 1074 2988 ianua”.
