2221 3526
1194 266 1256 303 2'0

447 394 686 462 prodierit
736 414 966 460 persona,
1021 414 1144 459 quae
1186 397 1462 443 Thrasonis
1503 395 1794 443 Terentiani
1833 404 1999 458 partes

447 498 754 544 quocumque
793 481 942 527 modo
981 480 1278 527 sustinuerit.

589 565 761 611 IHNIUS
800 580 847 625 p.
898 578 952 623 15
995 562 1167 609 ambas
1196 579 1435 624 personas
1463 562 1511 607 in
1541 561 1808 608 Menandri
1837 562 1999 607 Eunu-

446 647 540 693 cho
578 647 739 701 fuisse,
781 662 1078 708 quamquam
1119 662 1218 691 non
1253 656 1391 691 tanta
1418 655 1522 691 arte
1550 644 1786 706 depictas,
1816 654 2000 706 quanta

445 730 494 776 in
547 730 742 784 Colace,
791 729 972 776 idcirco
1018 738 1173 790 putat,
1215 728 1328 791 quia
1366 728 1533 774 infelix
1572 739 1764 774 amator
1803 744 2000 789 semper

445 812 507 859 sit
527 812 666 859 miles
694 823 843 874 atque
870 811 1127 858 eunuchus
1154 822 1203 858 et
1231 811 1370 857 miles
1397 811 1544 857 etiam
1574 810 1689 857 alibi
1710 811 1996 872 iungantur.

444 895 538 958 (Cf.
582 894 772 957 Diphili
812 890 1072 957 Εῧνσῦχσςῆ
1112 891 1413 961 Στρατιώτης).
1453 894 1489 957 Ι)
1530 893 1714 939 Censet
1742 905 2000 955 praeterea

444 977 638 1039 prologi
677 977 832 1024 verba
872 994 970 1023 non
1012 978 1074 1023 ad
1117 976 1351 1023 amussim
1390 993 1498 1022 esse
1532 976 1779 1037 exigenda
1806 987 1855 1022 et
1882 976 1999 1023 satis

444 1077 677 1121 magnam
718 1059 1089 1107 similitudinem
1130 1059 1437 1106 intercedere
1476 1059 1705 1105 debuisse
1744 1059 1871 1105 inter
1906 1059 1998 1105 Co-

443 1142 598 1189 lacem
644 1154 692 1189 et
739 1143 1071 1198 Eunuchum;
1114 1159 1256 1188 secus
1295 1142 1427 1188 enim
1467 1153 1666 1203 poetam
1708 1141 1910 1188 militem
1951 1153 2000 1188 et

442 1225 711 1286 parasitum
770 1226 818 1271 in
878 1225 1124 1271 Eunucho
1190 1225 1280 1272 rite
1344 1224 1582 1271 adhibere
1645 1235 1794 1286 atque
1857 1223 2000 1286 plura

442 1308 641 1370 insuper
680 1326 707 1354 e
747 1308 928 1355 Colace
967 1325 1216 1354 assumere
1258 1325 1355 1353 non
1397 1308 1632 1369 potuisse.
1663 1307 1840 1354 Talem
1869 1307 1997 1353 sirni-

440 1391 696 1438 litudinem
737 1408 912 1439 revera
940 1408 1038 1437 non
1074 1390 1453 1452 improbabilem
1480 1391 1644 1443 fuisse,
1675 1390 1750 1436 his
1777 1390 1998 1437 defendit

440 1474 780 1536 argumentis:
832 1474 960 1521 inter
998 1485 1160 1521 certos
1199 1485 1443 1520 certarum
1485 1490 1807 1535 personarum
1847 1473 1995 1519 actio-

443 1575 657 1620 numque
697 1558 820 1604 fines
858 1569 907 1604 et
945 1574 1132 1618 genera
1172 1557 1359 1603 versari
1398 1568 1554 1603 artem
1583 1557 1821 1603 comicam
1851 1555 1994 1620 (prol.

442 1642 701 1704 35—41);
754 1642 975 1687 eiusdem
1028 1640 1154 1687 tituli
1195 1640 1384 1687 fabulas
1423 1640 1677 1702 scripsisse
1717 1639 1997 1701 complures

438 1735 612 1785 poetas
635 1724 856 1771 Graecos
882 1724 923 1787 2)
946 1734 994 1770 et
1018 1741 1116 1769 non
1142 1723 1447 1770 dubitavisse
1469 1740 1521 1769 se
1544 1723 1676 1784 ipsos
1698 1723 1993 1769 exscribere.

585 2066 620 2116 Ι)
676 2066 875 2102 Braunius
906 2077 943 2113 p.
976 2076 1025 2111 24
1046 2071 1161 2102 recte
1183 2071 1322 2101 monet
1344 2065 1437 2101 inde
1459 2077 1540 2101 non
1562 2065 1678 2112 sequi
1700 2065 1772 2101 has
1795 2077 1995 2112 personas

436 2133 559 2169 etiam
589 2132 628 2168 in
658 2132 764 2168 Men.
797 2132 899 2168 Eun.
932 2132 1173 2167 coniunctas
1205 2130 1343 2167 fuisse.
1376 2130 1437 2167 Cf.
1468 2130 1692 2167 Nencinius
1723 2142 1760 2177 p.
1787 2131 1834 2167 88
1856 2136 1929 2167 not
1951 2132 1994 2167 2:

436 2211 543 2244 „non
582 2197 820 2234 necessario
851 2197 944 2233 inde
977 2196 1112 2244 colligi
1142 2196 1306 2233 videtur
1336 2196 1458 2232 etiam
1489 2196 1527 2232 in
1553 2196 1661 2232 Men.
1695 2195 1795 2232 Eun.
1827 2196 1995 2233 militem

435 2263 560 2299 fuisse
593 2269 662 2300 aut
691 2263 881 2309 denique,
914 2261 946 2297 si
977 2261 1064 2307 suit,
1095 2262 1133 2298 in
1166 2273 1359 2298 scaenam
1390 2259 1619 2309 prodisse’'.

578 2398 618 2449 2)
677 2397 736 2436 Cf.
773 2397 996 2435 Nencinius
1036 2409 1074 2445 p.
1114 2397 1164 2433 88
1203 2402 1286 2433 not.
1324 2406 1371 2433 2:
1404 2395 1548 2443 „Quae
1580 2408 1680 2433 vero
1711 2396 1844 2433 Ihnius
1875 2409 1994 2446 argu-

434 2469 641 2501 mentatur
670 2464 722 2500 de
745 2463 902 2500 iteratis
924 2462 1151 2500 fabularum
1174 2461 1426 2510 argumentis
1448 2474 1512 2509 ap.
1536 2461 1722 2498 Graecos
1745 2463 1927 2499 comicos
1944 2485 1994 2489 -—

434 2529 474 2566 id
503 2534 617 2566 ratus
649 2528 881 2565 confirmari
913 2528 1099 2564 similium
1129 2527 1339 2563 titulorum
1370 2527 1627 2563 multitudine
1658 2549 1708 2553 —
1730 2532 1774 2563 ut
1804 2539 1994 2576 magnam

434 2595 540 2632 inter
570 2594 767 2632 Colacem
797 2599 837 2630 et
867 2594 1110 2630 Eunuchum
1132 2604 1190 2641 gr.
1214 2592 1517 2629 similitudinem
1539 2592 1828 2629 intercessisse
1850 2593 1993 2630 desen-

434 2661 517 2707 dat,
556 2671 662 2708 vaga
702 2659 923 2696 admodum
963 2664 1003 2695 et
1042 2658 1198 2695 lubrica
1235 2658 1330 2694 mihi
1369 2658 1572 2704 videntur,
1616 2669 1707 2694 cum
1747 2659 1880 2695 eidem
1924 2659 1993 2706 qui

434 2726 620 2763 seruntur
659 2725 966 2761 comoediarum
1005 2724 1107 2761 tituli
1147 2736 1229 2760 non
1269 2735 1434 2770 semper
1470 2723 1521 2760 de
1552 2723 1709 2760 eisdem
1740 2725 1992 2772 argumentis

434 2791 560 2827 fidem
597 2790 761 2836 faciant,
803 2789 954 2826 nedum
991 2789 1041 2826 de
1072 2789 1231 2825 eisdem
1261 2788 1462 2835 personis.
1495 2788 1619 2825 Cuius
1650 2788 1708 2824 rei
1738 2793 1869 2824 testes
1900 2795 1993 2825 sunt

435 2856 610 2905 (θησαυρός
657 2854 870 2891 Menandri
918 2859 961 2890 et
1003 2854 1248 2890 Philemonis
1301 2853 1371 2903 (Pl.
1417 2853 1546 2899 Trin]‚
1595 2853 1809 2900 utriusque
1852 2855 1991 2901 Φάσμα,

435 2920 588 2969 'on->5³02
619 2921 649 2954 α’
682 2926 723 2956 et
752 2919 785 2967 β’
816 2918 1030 2955 Menandri
1059 2918 1130 2967 (Pl.
1161 2918 1285 2955 Stich.
1318 2923 1360 2954 et
1380 2917 1475 2955 Ter.
1498 2919 1617 2965 Ad.):
1641 2930 1691 2954 ne
1714 2918 1991 2955 discordantia

435 2997 745 3035 omonymarum
775 2985 1005 3034 fragmenta
1037 2983 1395 3021 commemorem'’.
