2221 3526
1011 1132 1317 1181 CAPUT
1378 1133 1439 1181 V.

530 1392 613 1429 EX
654 1392 829 1430 UTRA
872 1391 1134 1429 FABULA
1178 1391 1566 1429 CHREMETIS
1610 1391 1913 1429 PERSONA

747 1457 1099 1495 DESUMPTA
1143 1457 1246 1495 SIT
1288 1456 1692 1504 QUAERITUR.

585 1702 653 1749 Ut
709 1701 981 1748 iudicemus
1037 1702 1100 1748 de
1157 1700 1440 1754 Chremete,
1494 1700 1832 1762 inspiciendae
1884 1713 2000 1750 sunt

439 1802 648 1832 scaenae
688 1785 769 1833 III.
814 1801 858 1846 3,
901 1785 986 1832 IV.
1031 1798 1075 1845 5.
1119 1788 1165 1832 6.
1211 1798 1256 1843 7.

582 1869 800 1915 Primum
840 1878 1044 1929 rogatur
1083 1867 1388 1929 prodieritne
1429 1866 1671 1914 Chremes
1711 1867 1759 1914 in
1790 1879 1999 1931 utraque

440 1951 705 1998 Menandri
762 1950 960 1998 fabula?
1018 1950 1190 2014 Qualis
1253 1950 1341 1997 fuit
1407 1950 1530 1997 haec
1592 1967 1807 2012 persona
1864 1953 1998 2013 apud

441 2033 809 2082 Menandrum?
846 2033 1023 2081 Altera
1062 2034 1287 2097 quaestio
1327 2044 1418 2089 est,
1449 2045 1612 2081 utrum
1643 2034 1911 2081 Terentius
1937 2052 1998 2081 ex

438 2118 673 2165 alterutra
712 2117 979 2164 Menandri
1013 2116 1180 2164 fabula
1206 2116 1530 2178 assumpserit
1558 2116 1686 2163 hanc
1713 2133 1996 2178 personam,

437 2219 500 2248 an
551 2218 612 2247 ex
664 2201 918 2263 utriusque
969 2200 1165 2247 fabulae
1214 2200 1442 2262 personis
1494 2199 1813 2247 Chremetem
1853 2218 1996 2247 suum

437 2283 802 2346 composuerit?
866 2283 1057 2347 Quodsi
1102 2293 1343 2345 appareat
1390 2300 1503 2329 eum
1548 2283 1642 2330 hoc
1680 2283 1868 2339 fecisse,
1915 2301 1996 2331 ex-

436 2377 633 2414 stentne
671 2367 879 2414 fortasse
919 2366 1064 2413 huius
1110 2366 1548 2413 contaminationis
1588 2366 1828 2428 vestigia:
1868 2367 1996 2414 sitne

437 2450 678 2497 Chremes
716 2450 801 2497 IV.
847 2464 890 2509 5.
933 2453 977 2497 6.
1024 2463 1048 2508 7
1089 2450 1265 2496 eadem
1306 2448 1554 2510 persona?
1598 2448 1726 2496 sitne
1755 2449 1996 2497 Chremes

436 2533 517 2580 III.
561 2548 586 2593 3
628 2531 799 2578 similis
836 2531 942 2578 eius
981 2531 1276 2586 ChremetiS‚
1319 2531 1402 2593 qui
1442 2542 1616 2592 postea
1655 2531 1854 2593 prodit?

578 2616 631 2661 In
673 2615 938 2662 Menandri
979 2614 1224 2661 Eunucho
1263 2631 1390 2676 opus
1427 2614 1517 2661 fuit
1555 2615 1754 2676 prodire
1792 2615 1994 2662 fratrem

436 2697 644 2760 Virginis
699 2698 917 2753 vitiatae,
977 2697 1053 2744 cui
1112 2697 1269 2744 Thais
1325 2714 1435 2745 eam
1500 2698 1794 2745 restitueret.
1862 2699 1994 2745 Hinc

436 2780 750 2828 manifestum
790 2791 865 2828 est
904 2781 983 2828 III.
1028 2797 1054 2841 3
1090 2797 1152 2827 ex
1180 2781 1425 2827 Eunucho
1452 2797 1560 2828 esse
1587 2782 1919 2843 desumptam.
1956 2782 1993 2846 1)

582 2898 616 2946 1)
673 2897 872 2935 Chremes
911 2896 1034 2933 etiam
1073 2896 1211 2944 prodit
1247 2896 1293 2933 V.
1337 2905 1369 2943 3,
1405 2897 1473 2933 ubi
1502 2896 1762 2944 Sophronam
1791 2897 1993 2934 nutricem

434 2962 660 3000 arcessivit.
717 2962 834 2999 Haec
879 2973 1029 2998 scaena
1073 2961 1315 2998 brevissima
1358 2962 1463 2999 hanc
1507 2963 1560 2999 ob
1603 2974 1690 2999 rem
1733 2974 1900 3009 quoque
1941 2963 1991 2999 ad

434 3027 676 3065 Eunuchum
705 3027 925 3064 referenda
954 3032 1029 3063 est.
