2221 3526
1181 253 1209 298 8

417 388 621 436 Gnatho
673 390 918 451 parasitus
959 391 1269 452 Pamphilam
1310 393 1373 438 ad
1414 393 1722 439 meretricem
1768 394 1969 449 ducens,

414 471 688 517 orationem
742 472 892 519 habet
937 474 999 519 de
1037 484 1143 520 arte
1184 474 1445 535 parasitica
1483 478 1550 538 (2.
1580 475 1655 538 C).
1711 476 1970 537 Virginem

413 552 544 600 illam
585 554 632 600 in
672 554 838 615 platea
876 566 1194 617 conspectam
1234 574 1404 603 amore
1443 568 1617 619 captus
1655 569 1853 605 secutus
1897 570 1972 606 est

413 635 652 691 Chaerea,
693 637 843 684 frater
884 637 1173 693 Phaedriae,
1216 640 1303 685 sed
1344 657 1454 685 cum
1494 657 1521 686 a
1549 652 1766 702 cognato
1793 641 1970 688 retine-

411 728 560 774 retur,
601 736 627 765 e
667 730 936 781 conspectu
976 720 1224 767 amiserat.
1288 722 1470 768 Narrat
1509 722 1631 769 haec
1672 724 1969 771 Parmenoni

409 812 460 848 et
514 812 778 864 postquam
835 802 899 849 ab
956 820 1016 849 eo
1074 803 1315 865 comperit
1373 804 1619 866 virginem
1677 823 1785 852 esse
1835 809 1968 868 apud

411 883 673 939 Thaidem,
715 884 758 930 ei
798 886 1079 945 persuadet,
1123 896 1175 932 ut
1213 904 1265 932 se
1306 887 1522 933 eunuchi
1562 899 1700 935 veste
1741 889 1967 936 indutum

408 967 470 1013 ad
509 967 817 1013 meretricem
858 968 1006 1014 ducat
1046 968 1112 1030 (3.
1145 969 1216 1031 B).

548 1049 668 1096 Act.
712 1050 794 1096 III.
860 1050 1114 1097 Prodeunt
1149 1051 1347 1098 Thraso
1377 1064 1426 1099 et
1454 1053 1675 1101 Gnatho.
1719 1054 1968 1102 Parasitus

406 1130 545 1177 militi
571 1131 700 1178 facta
726 1142 775 1179 et
802 1132 933 1179 dicta
953 1150 1042 1178 sua
1064 1133 1234 1194 inepta
1256 1134 1459 1180 iactanti
1482 1145 1766 1183 assentatur
1789 1139 1853 1200 (1.
1881 1138 1963 1201 A).

406 1214 563 1261 Thais
601 1215 750 1261 domo
789 1215 890 1262 exit
930 1215 1170 1278 militique
1199 1217 1386 1277 gratias
1413 1217 1518 1278 agit
1545 1229 1751 1280 propter
1778 1220 1965 1266 donum

405 1314 563 1359 nuper
612 1309 886 1360 acceptum.
967 1299 1212 1346 Parmeno
1273 1300 1455 1347 Thaidi
1508 1301 1641 1348 dona
1693 1302 1965 1350 Phaedriae

403 1380 546 1427 offert
584 1380 778 1444 (falsum
818 1382 1102 1428 eunuchum
1146 1382 1421 1429 Chaeream
1463 1394 1513 1430 et
1551 1401 1750 1431 servam
1791 1385 1964 1433 Aethi-

402 1463 630 1526 opicam).
704 1463 799 1510 His
849 1465 1066 1526 acceptis
1118 1466 1351 1513 meretrix
1403 1484 1514 1513 cum
1568 1467 1720 1514 milite
1760 1468 1862 1515 abit
1901 1470 1964 1516 ad

401 1563 574 1593 cenam
615 1547 681 1610 (2.
713 1547 788 1609 C).
838 1547 989 1594 Paulo
1029 1560 1142 1610 post
1184 1548 1439 1604 Chremes,
1476 1550 1626 1597 frater
1655 1551 1961 1613 Pamphilae,

402 1629 466 1675 ad
505 1629 753 1676 Thaidem
787 1631 1051 1678 arcessitus
1078 1632 1216 1678 venit
1243 1643 1292 1679 et
1319 1650 1347 1679 a
1376 1632 1554 1695 Pythia
1581 1633 1758 1681 ancilla
1785 1635 1964 1682 certior

401 1712 559 1759 factus
586 1713 895 1760 meretricem
923 1714 1040 1760 foris
1067 1732 1190 1769 esse,
1221 1732 1249 1761 a
1279 1715 1434 1762 Doria
1461 1716 1640 1764 ancilla
1666 1718 1728 1764 ad
1758 1717 1960 1765 militem

402 1796 662 1842 deducitur
701 1797 766 1860 (3.
800 1797 871 1859 B).
932 1797 1159 1845 Chaerea
1198 1816 1308 1844 cum
1351 1799 1602 1846 nonnullis
1641 1800 1810 1847 amicis
1843 1818 1962 1848 con-

401 1879 643 1934 stituerat,
674 1890 725 1926 ut
754 1880 900 1927 hodie
923 1881 984 1927 de
1005 1881 1244 1943 symbolis
1265 1882 1487 1930 ederent.
1531 1883 1657 1929 Cum
1680 1885 1742 1930 ad
1765 1895 1962 1946 tempus

404 1980 503 2009 non
555 1964 766 2016 adesset,
822 1964 1061 2011 miserunt
1114 1965 1477 2027 Antiphonem,
1526 1966 1610 2029 qui
1655 1984 1766 2014 eum
1814 1985 1961 2030 quae-

403 2057 532 2093 reret
571 2047 638 2109 (4.
683 2047 998 2095 Dissentiunt
1037 2066 1083 2096 v.
1125 2049 1190 2103 d.,
1233 2060 1395 2095 utrum
1438 2050 1720 2096 Menandro
1760 2068 1821 2097 an
1865 2051 1960 2097 Te—

403 2129 561 2175 rentio
612 2129 921 2191 Antiphonis
972 2148 1186 2192 persona
1236 2132 1568 2179 adiudicanda
1605 2132 1702 2197 sit).
1763 2134 1960 2180 Gaudio

402 2212 655 2259 exsultans
695 2213 921 2260 Chaerea
959 2232 985 2260 e
1025 2215 1174 2260 domo
1217 2215 1486 2262 meretricis
1517 2216 1708 2277 prosilit
1741 2228 1790 2263 et
1818 2217 1960 2264 Anti-

402 2294 556 2356 phoni
587 2307 752 2342 narrat
779 2314 830 2342 se
858 2297 1059 2343 vitiasse
1090 2297 1334 2359 virginem
1365 2308 1414 2345 e't
1443 2316 1552 2345 cum
1581 2316 1640 2345 eo
1668 2300 1772 2347 abit
1793 2301 1859 2363 (5.
1888 2301 1958 2364 Β).

544 2377 665 2425 Act.
706 2379 795 2425 IV.
874 2379 1069 2434 Dorias,
1124 2398 1251 2442 quae
1293 2381 1611 2428 Chremetem
1651 2383 1715 2429 ad
1755 2383 1958 2430 militem

402 2460 622 2515 deduxit,
676 2461 801 2508 redit
851 2473 900 2508 et
949 2462 1166 2525 loquitur
1219 2465 1280 2510 de
1333 2464 1508 2525 iurgio,
1563 2467 1698 2527 quod
1750 2467 1961 2513 oriretur

402 2544 529 2590 inter
570 2543 816 2591 Thaidem
856 2556 906 2591 et
947 2546 1282 2609 Thrasonem(
1321 2564 1357 2593 1.
1388 2547 1472 2610 A).
1534 2548 1729 2596 Interea
1757 2549 1959 2611 Pythias

402 2626 658 2687 comperit,
700 2627 819 2689 quid
861 2628 1148 2689 Pamphilae
1187 2629 1446 2677 accidisset
1480 2641 1529 2676 et
1556 2631 1845 2687 Phaedriae,
1875 2633 1958 2695 qui

403 2726 513 2755 rure
555 2721 828 2757 reverterat
867 2711 933 2774 (2.
966 2712 1037 2775 Β),
1081 2723 1261 2766 narrat,
1304 2713 1422 2775 quid
1462 2713 1644 2761 factum
1684 2715 1747 2762 sit
1785 2718 1851 2779 (3.
1884 2717 1956 2779 Β).

404 2792 647 2838 Phaedria
698 2810 807 2839 cum
863 2794 1040 2855 Pythia
1094 2795 1349 2857 Doriaque
1389 2797 1592 2843 domum
1632 2797 1833 2851 intrant,
1876 2799 1957 2845 ubi

402 2892 428 2921 e
468 2886 589 2921 Vero
629 2876 857 2921 eunucho
900 2877 1038 2922 Doro
1079 2878 1312 2925 certiores
1353 2879 1491 2934 fiunt,
1535 2880 1809 2927 Chaeream
1839 2881 1958 2928 illud

401 2957 590 3004 facinus
640 2970 953 3019 perpetrasse
1006 2960 1175 3023 (413).
1244 2961 1360 3007 Post
1401 2962 1613 3023 iurgium
1655 2981 1763 3009 cum
1806 2964 1958 3012 milite
