2221 3526
922 257 977 287 21

317 386 509 433 Ihnium
563 383 713 431 secuti
766 394 880 428 sunt
933 381 1171 441 Regelius
1215 381 1249 443 1)
1295 392 1344 427 et
1388 380 1646 441 Kampius,
1687 380 1727 441 2)

174 481 347 516 contra
385 485 495 514 eum
532 467 911 527 disputaverunt
941 464 1276 517 Franckenus,
1310 463 1564 517 Brmmius,
1597 463 1728 509 Nen-

173 552 342 598 Cinius.

316 634 477 680 Etiam
520 650 566 679 v.
609 631 666 678 cl.
712 632 1052 676 Fumxcmcxus
1090 630 1157 691 (p.
1197 629 1310 691 152)
1340 646 1437 674 non
1467 627 1727 681 dubitavit,

173 716 287 778 quin
330 715 495 762 militis
533 725 581 761 et
622 713 821 775 parasiti
863 713 1075 758 vicariae
1116 729 1359 773 personae
1399 711 1445 756 in
1490 710 1730 756 Eunucho

172 798 432 851 adfuerint,
482 798 569 844 sed
612 796 829 856 negabat
868 812 951 841 eas
991 795 1056 841 ibi
1098 804 1498 856 repraesentasse
1526 792 1729 839 militem

172 892 221 928 et
279 881 545 943 parasitum
607 897 696 926 nec
755 889 942 925 tantam
1004 878 1210 939 putabat
1267 877 1411 923 fuisse
1457 875 1729 922 fabularum

171 964 558 1021 similitudinem,
618 974 668 1009 ut
721 962 989 1008 Terentius
1042 961 1088 1006 in
1142 960 1386 1006 vertendo
1438 958 1729 1005 Eunuchum

172 1047 439 1094 subsistere
480 1046 694 1108 potuerit
737 1056 786 1092 et
813 1045 932 1091 satis
961 1043 1188 1090 habuerit
1214 1061 1241 1090 e
1270 1042 1450 1088 Colace
1479 1041 1731 1088 Thrasoni

171 1141 221 1178 et
249 1130 506 1177 Gnathoni
535 1146 791 1176 sermones
819 1127 1164 1174 tantummodo
1193 1127 1432 1188 quosdam
1461 1135 1511 1171 et
1530 1124 1731 1171 facetias

171 1213 468 1261 adscribere.
495 1213 657 1259 Efficit
680 1212 772 1258 hoc
794 1230 854 1258 ex
879 1211 1044 1257 verbis
1071 1209 1264 1271 prologi
1293 1209 1360 1272 (in
1392 1226 1487 1255 vss.
1519 1222 1596 1268 25,
1629 1207 1728 1270 30).

315 1298 574 1343 Emmaus
619 1296 686 1359 (p.
734 1311 789 1354 2?
835 1294 929 1358 sq.)
969 1312 1029 1340 ex
1069 1293 1289 1339 eiusdem
1331 1291 1525 1353 prologi
1566 1290 1732 1336 verbis

171 1380 332 1427 effecit
355 1379 646 1426 Terentium
671 1379 717 1425 in
742 1377 983 1424 Eunucho
1007 1394 1105 1422 non
1130 1387 1229 1422 tam
1253 1375 1408 1422 verba
1428 1391 1730 1436 scaenasque

171 1480 318 1526 quam
377 1479 616 1524 personas
672 1478 938 1522 earumque
996 1458 1269 1506 sententias
1325 1456 1631 1504 transtulisse
1682 1466 1731 1502 et

171 1545 343 1592 salsum
384 1563 492 1593 esse
533 1545 713 1591 iudicat
755 1543 963 1597 Ihnium,
1007 1542 1343 1604 disputantem
1383 1539 1504 1587 alias
1537 1557 1730 1602 quoque

314 1811 351 1862 2)
408 1811 608 1859 Kampius
646 1823 683 1858 p.
731 1820 775 1848 10
814 1811 895 1847 duo
936 1809 1168 1857 fragmenta
1209 1807 1371 1846 Colacis
1411 1806 1555 1844 Naevii
1599 1806 1730 1851 affert,

170 1876 477 1925 quodammodo
499 1888 591 1913 cum
614 1876 828 1913 Chaereae
850 1875 987 1912 verbis
1010 1873 1293 1923 congruentia.
1320 1871 1511 1919 Scripsit:
1536 1869 1730 1918 „Wenig-

170 1947 283 1979 stens
314 1942 426 1979 steht
456 1941 588 1978 nichts
619 1940 672 1977 im
702 1940 837 1989 Wege
868 1940 940 1977 das
972 1940 1133 1988 Fragm.
1162 1938 1192 1974 II
1214 1937 1281 1975 bei
1303 1937 1490 1975 Ribbeck
1511 1936 1602 1986 (frg.
1625 1947 1727 1973 com.

169 2007 236 2044 lat.
267 2006 351 2044 rell.
381 2006 496 2054 Lips.
533 2006 628 2053 1855
660 2017 698 2053 p.
729 2012 794 2055 9):

1326 2072 1367 2104 et
1395 2066 1489 2105 volo

490 2142 530 2173 et
560 2147 709 2173 vereor
739 2140 781 2172 et
811 2135 949 2172 facere
980 2135 1018 2170 in
1049 2133 1238 2181 prolubio
1271 2137 1336 2170 est

171 2202 243 2240 auf
275 2203 350 2239 das
386 2202 645 2240 Schwankcn
684 2202 759 2238 des
801 2201 988 2238 Chaerea
1027 2211 1076 2236 zu
1114 2198 1325 2244 beziehen,
1363 2197 1436 2234 der
1466 2197 1518 2234 da
1547 2197 1729 2242 zaudert,

171 2268 225 2305 ob
255 2279 300 2305 er
329 2267 415 2305 sich
445 2267 504 2304 als
535 2266 708 2304 Eunuch
739 2266 800 2302 ins
826 2266 941 2303 Haus
964 2266 1039 2302 der
1062 2264 1187 2301 Thais
1209 2264 1354 2300 sijhren
1376 2262 1511 2300 lassen
1532 2261 1607 2299 soll
1628 2261 1731 2298 oder

172 2333 293 2370 nicht.
325 2332 478 2369 Ferner
507 2332 608 2369 lasst
638 2331 724 2368 sich
754 2332 916 2380 Fragm.
948 2331 1026 2367 IV:

277 2397 346 2435 ubi
374 2397 456 2435 vidi
485 2396 816 2434 examinabiliter
846 2395 1024 2432 timedus
1054 2394 1229 2442 pedibus
1259 2393 1464 2442 protinam
1493 2405 1558 2429 me
1588 2392 1684 2429 dedi

170 2463 289 2500 recht
327 2467 400 2512 gut
438 2462 701 2511 vergleichen
740 2462 812 2498 mit
855 2461 935 2498 den
979 2460 1155 2497 Worten
1198 2460 1272 2496 des
1316 2457 1729 2496 Pseudo-Eunuchen

171 2528 359 2567 Chaerea
388 2527 454 2564 bei
484 2526 579 2564 Ter.
611 2527 713 2564 Eun.
747 2527 794 2564 V.
827 2537 861 2564 2.
896 2534 913 2574 5
946 2538 1048 2573 sqq:

329 2593 398 2631 ubi
427 2593 521 2639 vidi,
552 2604 632 2642 ego
664 2593 702 2644 in
733 2593 876 2640 pedes,
908 2597 1106 2640 quantum
1136 2603 1244 2639 queo

330 2659 369 2695 in
400 2657 661 2707 angiportum
691 2658 901 2705 quoddam
932 2657 1156 2703 desertum,
1188 2656 1281 2693 inde
1311 2656 1409 2692 item

330 2723 368 2759 in
399 2722 519 2768 aliud,
551 2722 644 2759 inde
676 2722 714 2759 in
745 2722 864 2759 aliud.

312 2787 395 2825 Sed
425 2788 463 2823 in
484 2792 626 2824 nostra
648 2787 784 2824 fabula
802 2787 1004 2833 Chaerea,
1026 2791 1247 2834 postquam
1268 2786 1468 2822 Parmeno
1490 2785 1728 2833 imprudens

170 2853 360 2890 dolosum
399 2852 614 2890 consilium
652 2852 934 2900 suppeditavit
970 2852 1066 2902 (369
1097 2851 1215 2901 sqq),
1256 2864 1305 2887 ne
1337 2855 1533 2898 punctum
1563 2851 1728 2897 quidem

169 2918 367 2966 temporis
411 2918 462 2954 ad
506 2917 707 2954 Thaidem
749 2917 806 2954 ire
850 2917 1076 2964 dubitavit3
1122 2916 1289 2953 alterius
1333 2921 1471 2953 autem
1510 2915 1727 2964 fragmenti

173 2983 442 3032 congruentia
472 2993 643 3030 prorsus
672 2982 779 3019 nulla
810 2986 884 3019 est.
