2221 3526
923 260 984 305 59

178 386 205 433 i.
235 406 277 434 e.
320 388 450 448 apud
488 388 819 433 Menandrum
860 404 1011 433 senex
1042 404 1139 433 non
1169 385 1414 432 difficilem
1446 406 1496 433 se
1526 388 1731 448 praebet

173 471 234 516 de
280 469 466 531 nuptiis
505 469 598 532 (Cf.
643 470 703 515 V.
747 473 791 515 8.
844 486 900 528 19
940 480 989 515 et
1030 469 1215 515 Donat.
1257 470 1319 515 ad
1361 469 1406 515 h.
1448 469 1517 531 v.)
1553 470 1589 532 Ι)

233 537 239 540 ”
320 552 416 598 His
445 552 592 612 igitur
613 551 732 598 locis
755 569 929 598 revera
956 551 1118 614 aliqua
1144 551 1477 613 discrepantia
1503 563 1578 598 est
1605 552 1731 599 inter

173 634 389 682 fabulam
449 635 692 682 Graecam
752 646 800 682 et
860 635 1087 682 Latinam
1147 635 1355 697 ideoque
1412 635 1517 681 veri
1574 634 1730 681 simile

172 718 372 765 videtur
412 729 582 765 nostro
622 718 730 765 loco
769 718 916 765 etiam
946 718 1129 780 aliquid
1157 718 1395 765 interesse
1424 718 1551 765 inter
1578 717 1729 764 Chre-

172 811 352 848 metem
393 801 757 848 Menandreum
793 812 841 848 et
871 801 1258 856 Terentianum;
1289 802 1420 863 quod
1448 801 1728 855 discrimen,

171 895 223 931 ut
278 902 429 946 supra
485 885 712 939 vidimus,
767 902 941 931 revera
991 885 1182 932 exsistit
1233 885 1360 932 inter
1411 884 1728 931 Chremetem

171 967 416 1020 Eunuchi,
469 985 613 1031 quem
667 968 997 1028 cognovimus
1043 985 1070 1015 e
1110 969 1190 1014 III.
1236 984 1279 1028 3,
1321 979 1370 1015 et
1409 967 1727 1014 Chremetem

168 1061 307 1098 actus
346 1052 430 1106 IV,
472 1052 607 1098 cuius
647 1068 905 1113 personae,
936 1069 1046 1098 cum
1076 1069 1102 1098 e
1131 1050 1312 1098 Colace
1342 1050 1549 1105 fluxerit,
1579 1050 1730 1112 longe

169 1133 367 1181 diversa
417 1134 609 1181 indoles
655 1145 744 1181 est.
788 1135 908 1180 Inde
949 1134 1169 1197 sequitur
1208 1133 1301 1180 hoc
1340 1133 1580 1180 scholium
1622 1150 1729 1195 per-

169 1217 325 1264 tinere
375 1219 439 1264 ad
492 1218 575 1264 IV.
641 1235 653 1264 1
701 1229 751 1264 et
789 1218 997 1264 fortasse
1037 1235 1065 1264 a
1106 1218 1309 1264 Donato
1350 1234 1610 1279 perperam
1652 1216 1730 1263 hic

168 1301 468 1363 adscriptum
520 1319 644 1355 esse,
701 1302 834 1364 quod
886 1318 946 1348 eo
985 1300 1172 1348 facilius
1211 1299 1447 1363 explicari
1487 1310 1652 1362 potest
1689 1300 1728 1346 si

171 1384 415 1439 Donatus,
476 1395 527 1431 ut
584 1385 824 1431 XVessner
881 1395 1036 1446 putat,
1097 1385 1200 1446 ipse
1263 1383 1453 1431 fabulas
1511 1384 1730 1431 Graecas

168 1467 373 1514 omnino
414 1485 512 1514 non
555 1468 839 1530 inspexerit.
873 1468 914 1531 2)

312 1551 593 1598 Nssmmus·
632 1551 931 1598 sententiam
974 1550 1118 1597 nimis
1151 1551 1389 1597 audacem
1417 1561 1466 1597 et
1492 1548 1728 1596 lubricam

167 1634 229 1681 de
271 1633 540 1681 Chremete
579 1634 787 1696 aperuit.
831 1635 1041 1696 Propter
1079 1634 1204 1696 prol.
1250 1638 1453 1695 23—26
1497 1643 1648 1695 negat
1681 1650 1727 1695 p.

172 1731 233 1776 79
293 1717 416 1764 ullas
474 1735 716 1780 personas
773 1728 970 1780 praeter
1027 1717 1230 1764 militem
1289 1728 1338 1764 et
1390 1717 1656 1779 parasitum
1703 1735 1730 1763 e

168 1799 352 1847 Colace
403 1818 432 1847 a
484 1800 726 1848 Terentio
778 1801 1043 1848 translatas
1087 1799 1260 1855 fuisse;
1303 1800 1371 1847 sic
1409 1800 1540 1847 enim
1581 1810 1730 1862 poeta

168 1901 353 1930 novum
406 1883 519 1931 furti
572 1885 757 1931 crimen
810 1884 1101 1947 peperisset,
1156 1886 1290 1947 quod
1337 1883 1544 1931 Luscius
1583 1882 1729 1930 tacite

167 1967 436 2030 praeterire
478 1985 577 2015 non
619 1969 877 2030 potuisset,
920 1967 1212 2030 praesertim
1252 1967 1290 2015 si
1332 1967 1601 2015 Terentius
1628 1977 1725 2014 tam

165 2062 394 2099 accurate
433 2051 807 2114 arteficioseque
846 2051 1126 2114 exculptam
1162 2069 1443 2113 personam,
1473 2050 1628 2113 qualis
1655 2061 1730 2097 est

168 2134 423 2189 Chremes,
465 2152 492 2182 e
533 2134 716 2182 Colace
755 2134 1093 2182 arcessivisset
1131 2135 1268 2199 (ibid.
1310 2152 1357 2196 p.
1401 2138 1501 2198 85).

312 2219 425 2265 Hac
465 2229 631 2266 tamen
674 2218 865 2266 ratione
901 2236 1001 2265 non
1029 2235 1233 2280 prorsus
1261 2218 1546 2265 refelluntur
1574 2216 1618 2271 ii,
1648 2216 1729 2279 qui

169 2311 348 2363 putant
375 2301 656 2348 Chremetis
683 2319 948 2364 personam
977 2302 1155 2364 partim
1184 2320 1245 2348 ex
1268 2301 1525 2357 Eunucho,
1549 2300 1726 2362 partim

167 2403 194 2431 e
234 2384 415 2431 Colace
454 2386 770 2447 desumptam
811 2403 935 2433 esse.
1003 2386 1129 2432 Cum
1169 2385 1301 2432 enim
1342 2384 1452 2432 talis
1491 2384 1727 2431 contami-

169 2467 303 2515 natio
343 2478 522 2530 poetae
561 2469 752 2515 crimini
796 2486 894 2516 non
935 2469 1153 2524 daretur,
1196 2469 1287 2516 hac
1313 2469 1376 2516 de
1403 2486 1455 2515 re
1481 2485 1533 2515 se
1561 2467 1726 2515 defen-

168 2552 286 2598 dere
324 2551 368 2597 ei
407 2568 533 2613 opus
573 2569 671 2598 non
712 2551 814 2600 fuit.

314 2634 511 2681 Deinde
551 2634 905 2682 animadvertit
943 2635 1010 2698 (p.
1042 2635 1126 2699 85)
1161 2634 1469 2682 meretricem
1504 2634 1551 2681 in
1581 2633 1726 2680 collo-

169 2717 284 2780 quio
336 2718 398 2780 (II
458 2717 504 2781 2)
557 2718 720 2766 dicere
771 2737 824 2766 se
875 2719 1101 2780 cognatis
1153 2720 1361 2766 reddere
1411 2717 1541 2765 velle
1587 2718 1725 2764 Pam-

317 2897 350 2945 1)
407 2895 512 2933 Vide
543 2896 594 2933 de
625 2897 686 2933 his
717 2884 882 2934 scholiis
913 2898 1107 2946 Sipkema
1137 2910 1175 2946 p.
1209 2908 1254 2946 33
1287 2904 1327 2935 θ’.
1361 2899 1420 2946 58.

313 2971 352 3023 2)
409 2972 469 3011 Cf.
501 2984 540 3020 p.
577 2982 622 3010 10
651 2978 734 3010 not.
